3116 5166
112 1165 129 1228 l
133 1163 163 1228 V.
182 1161 297 1228 Lnszto'
310 1162 421 1248 leira'ly.
434 1162 581 1229 Bmeedek
596 1164 627 1228 6³
643 1163 744 1228 Recte
751 1163 879 1245 flaimnk
897 1164 1074 1249 nienzandjn
1100 1185 1121 1227 a
1137 1163 1224 1230 t3lttk

113 1272 227 1337 Henmk
243 1272 306 1336 bein
320 1271 404 1336 niteat
419 1269 564 1357 lefoplalt
580 1267 748 1335 Cherre'en
762 1269 904 1355 Simperp
928 1275 1008 1336 nemi
1027 1273 1223 1358 jo'enn'yokat.

617 1378 713 1442 1276.
947 1393 950 1400 '

209 1577 280 1644 Nos
298 1575 474 1642 Ladinlane
493 1576 554 1642 Dei
569 1575 681 1661 grania
697 1576 768 1662 Rex
787 1575 953 1659 Hungarie
971 1579 1124 1642 memorie
1141 1599 1225 1646 com·

107 1688 293 1752 mendantee
310 1681 532 1769 significamus
559 1685 676 1767 quibus
693 1685 829 1771 expedit
845 1685 1024 1768 minensis,
1052 1687 1139 1767 qnod
1165 1707 1224 1754 nes

106 1793 319 1860 consideratis
345 1790 495 1875 seruicijs
525 1799 557 1858 et
572 1791 786 1860 fidelitatibus
803 1776 965 1860 Johinnis
982 1801 1013 1859 et
1030 1796 1116 1860 Petri
1134 1795 1222 1862 filio-

106 1923 168 1967 mm
193 1901 387 1982 Benedicti,
417 1900 548 1966 Nicolai
574 1905 606 1966 et
623 1900 786 1984 Stephani
812 1899 950 1967 filiorum
983 1901 1111 1988 Recine,
1139 1905 1222 1971 dnae

104 2012 329 2098 possessiones
353 2009 497 2095 ipsorum
524 2009 740 2075 hereditarias
758 2009 929 2077 (thunre
945 2017 978 2076 et
1012 2013 1104 2096 Sym
1118 2033 1226 2098 perg

104 2127 257 2196 notatae,
288 2139 371 2202 qnae
402 2117 557 2184 Hernicus
588 2116 701 2184 Banns
728 2117 770 2183 ab
801 2117 926 2186 eisdem
957 2121 1137 2188 auferendo
1169 2142 1223 2206 po·

103 2229 286 2296 teneiaiiter
316 2232 512 2312 occuparat,
546 2231 677 2312 propter
711 2233 822 2292 notem
848 2217 1224 2294 infidelitatis'fitiorum

104 2335 267 2420 eiusdem,
300 2353 395 2418 quam
428 2339 543 2402 eontra
572 2339 717 2401 nostram
748 2334 953 2401 Maiestatem
985 2335 1225 2417 commiserunt,

101 2443 279 2510 auterendo
295 2443 337 2506 ab
369 2441 512 2524 eisdem,
543 2441 608 2526 ipsi
624 2441 769 2508 Jehanni
786 2447 819 2509 et
835 2444 931 2510 Petro
948 2441 1026 2528 filijs
1043 2442 1224 2528 Benedicti,

101 2572 138 2618 ae
163 2550 295 2619 Nieolei
320 2557 352 2616 et
382 2549 543 2636 Stephani
567 2548 767 2634 prefatorum
786 2545 873 2638 (tgy)
899 2570 970 2616 enm
997 2552 1148 2619 omnibus
1164 2552 1223 2616 uti·

100 2657 248 2726 litatibns
281 2659 350 2725 nnis
380 2659 450 2725 inre
477 2665 637 2742 perpetuo
669 2658 821 2724 duximus
854 2659 1083 2740 conferendas,
1110 2679 1224 2744 quem·

99 2760 278 2836 admodum
305 2767 437 2852 plenius
463 2767 496 2832 in
522 2767 695 2852 priuilegio
722 2771 853 2850 nostro,
887 2771 976 2854 prius
1010 2767 1135 2836 eisdem
1152 2788 1225 2835 eon·

99 2897 192 2944 cesso
210 2871 410 2944 eontinetu'r.
427 2876 550 2942 Datum
565 2875 598 2940 in
615 2873 786 2960 Stephand
802 2877 904 2943 ternio
921 2876 975 2943 die
991 2875 1145 2962 Episenie
1160 2875 1225 2943 Do-

98 2987 185 3069 mini,
202 3005 295 3052 anno
312 2983 460 3051 eiusdem
476 2983 526 3048 Μο
542 2983 613 3052 00⁰
629 2983 740 3050 LXX⁰
756 2990 849 3050 sexto

202 3187 318 3254 Jeqyzet.
346 3181 401 3238 Kie
422 3178 655 3253 haintyaezeleten
676 3181 693 3234 8
718 3180 814 3236 eorral.
838 3175 1091 3249 Hirtyazeinegen
1112 3175 1184 3248 fttgg
1207 3195 1225 3232 ι

97 3271 333 3342 pecse'tttiredek.
346 3270 632 3343 Peneonykeptelani
648 3267 786 3341 orsztgon
808 3267 939 3326 ievelter.
953 3267 1049 3340 Capsa
1061 3268 1140 3324 XVI.
1156 3267 1223 3324 Nro.

97 3365 136 3420 19.
151 3367 254 3420 Knm
275 3363 390 3417 n'etnaor.
