3116 5166
819 289 977 388 ja-

332 496 402 544 mur
428 477 601 564 privilegio
625 481 827 552 confirmare.
853 484 953 554 Ouios
982 485 1114 568 quidem
1140 483 1306 572 priuilegii
1335 483 1455 554 domini

331 587 412 654 Bele
428 587 529 673 Regis
544 588 598 656 ari
614 594 716 658 nostri
731 599 824 662 tenor
841 596 919 662 talis
936 600 988 664 est
1006 619 1013 658 ι

436 695 520 764 Boia
536 695 600 764 Dei
616 699 731 782 gracia
756 703 819 770 stb.
846 707 1027 780 (ktveckeeik
1044 711 1095 766 lv.
1112 709 1182 766 Bata
1198 709 1291 782 kirtly
1306 709 1455 782 edomtny·

330 811 428 882 levale,
439 814 514 886 mely
525 813 671 872 olvasbatb
684 815 938 892 Okmbnnytbrnnk
950 819 972 874 Ι.
993 817 1146 876 kbmteben
1162 819 1233 874 188.
1243 837 1282 873 sa.
1298 835 1324 874 a
1343 819 1414 874 308.
1424 815 1453 888 l.)

437 917 504 983 Nos
530 914 652 1001 igitur,
677 937 773 1002 quem
798 919 972 1006 dignitatis
988 927 1100 989 nostre
1117 917 1316 988 vocabulum
1333 918 1454 986 inducit

329 1021 511 1089 animorum
527 1021 575 1110 (t)
601 1025 728 1110 equitas
755 1030 874 1096 suadet
888 1030 1090 1115 benignitas,
1107 1048 1174 1096 non
1191 1029 1298 1098 solum
1314 1028 1387 1094 iura
1402 1047 1451 1095 ec·

330 1127 517 1198 clesiastica
542 1135 707 1202 custodire
732 1143 765 1203 et
791 1138 895 1220 tueri,
921 1158 1034 1206 rerum
1060 1144 1094 1204 et
1112 1137 1283 1204 Ecclesiae
1299 1135 1410 1204 ditare
1423 1141 1454 1203 ct

330 1239 458 1324 dotem,
473 1241 691 1327 peticionibus
706 1243 849 1312 Abbatis
865 1254 899 1314 et
912 1246 1050 1314 fratrum
1067 1243 1216 1314 Ecclesia
1226 1243 1371 1330 Virginis
1380 1244 1453 1312 Glo-

330 1348 419 1415 riose
434 1367 609 1417 assensum
626 1352 840 1419 fauorabilem
863 1353 1082 1438 adhibentes,
1111 1353 1326 1422 collacionem
1342 1371 1454 1438 proge-

328 1455 468 1524 nitorum
478 1465 660 1526 nostrorum
676 1463 914 1546 approbantes,
933 1469 1036 1530 totam
1052 1467 1175 1528 terram
1191 1461 1306 1549 Sydan
1323 1460 1385 1528 sub
1396 1461 1453 1527 eis·

331 1565 405 1632 dem
420 1570 517 1636 metis
534 1575 568 1633 et
582 1570 739 1654 terminis,
757 1579 853 1657 prout
869 1573 900 1636 in
927 1571 1102 1659 privilegio
1120 1570 1244 1638 domini
1259 1569 1340 1637 Bele
1356 1569 1453 1655 Regis

248 1725 250 1732 .
329 1673 384 1742 avi
402 1676 504 1742 nostri
522 1683 633 1744 nostro
649 1680 796 1764 presenti
812 1680 986 1765 privilegio
1002 1679 1126 1748 inserto
1143 1679 1378 1760 contineretur,
1389 1685 1453 1744 tam

328 1782 460 1849 racione
487 1784 681 1854 collacicnis
706 1789 955 1874 progenitorum
984 1795 1192 1866 nostrorum,
1209 1807 1307 1871 quam
1322 1787 1452 1854 racione

328 1891 517 1959 damnorum
535 1915 594 1978 per
619 1896 815 1965 descensum
842 1905 875 1965 et
891 1897 1070 1964 exereitum
1087 1895 1330 1964 nostrumville
1345 1895 1452 1962 Mona·

327 1999 418 2066 sterii
433 1999 537 2066 Beate
552 1999 696 2089 Virginis
713 2003 842 2072 Kedbel
869 2013 999 2073 vocate
1013 2006 1198 2090 illatorum,
1223 2001 1376 2072 duximus
1391 2001 1451 2089 ipsi

327 2105 478 2176 Ecclesia
492 2111 763 2194 confirmandam,
781 2119 814 2179 et
830 2113 935 2182 eciam
951 2115 993 2182 de
1009 2114 1127 2200 Regali
1137 2121 1252 2181 nostra
1267 2107 1449 2179 munificen-

326 2215 380 2282 cia
404 2215 656 2302 conferendam,
683 2219 806 2287 dictum
832 2219 1040 2306 privilegium
1067 2221 1122 2289 avi
1147 2218 1252 2288 nostri
1267 2217 1449 2287 charissimi

325 2325 485 2394 babentes
501 2335 609 2395 ratum
626 2336 659 2395 et
676 2337 851 2417 acceptum
866 2328 937 2398 non'
950 2331 1189 2415 cancellatum,
1214 2347 1279 2397 non
1295 2328 1450 2395 abrasum

326 2433 360 2501 in
384 2437 496 2521 sigillo
510 2446 626 2508 nostro
642 2436 689 2525 (i)
707 2460 771 2507 non
788 2439 991 2508 contractum
1001 2491 1010 2526 ,
1027 2459 1093 2508 non
1111 2438 1323 2522 diminutum,
1345 2455 1406 2504 nec
1420 2435 1450 2499 io
1545 2523 1546 2534 ἶ

324 2547 436 2630 aliqua
461 2545 511 2614 sui
532 2555 627 2633 parte
652 2548 807 2618 viciatum
833 2551 875 2616 de
899 2549 1001 2617 verbo
1029 2545 1223 2616 adverbum
1239 2543 1448 2632 presentibus
1545 2537 1546 2540 ’

324 2654 425 2721 inseri
442 2654 582 2724 fecimus
600 2663 633 2724 et
649 2657 813 2743 presentis
830 2657 943 2744 scripti
970 2655 1154 2741 patrocinio
1171 2652 1386 2737 communiri,
1409 2650 1446 2718 si·

323 2763 464 2830 leucium
480 2765 522 2832 de
538 2771 647 2833 cetero
664 2766 846 2836 comitibus
861 2765 1137 2854 Soproniensibns
1148 2784 1207 2851 pro
1217 2771 1366 2850 tempore
1376 2779 1445 2828 con·
1544 2763 1545 2773 ’

324 2871 445 2940 stitutis
472 2881 505 2939 et
531 2872 730 2942 officialibus
755 2873 953 2960 eorundem,
990 2893 1031 2942 ao
1056 2873 1279 2942 castrensibus
1305 2867 1445 2938 eiusdem

324 2981 435 3049 Oestri
455 3003 557 3074 ¹super
582 2983 796 3070 inquisicione
823 2993 857 3052 ct
872 2985 1072 3072 repeticione
1097 2983 1207 3052 totalis
1232 2987 1320 3048 terre
1337 2977 1444 3067 Sydon

323 3095 514 3176 perpetuum
539 3095 753 3180 imponentes.
779 3093 817 3162 In
844 3096 934 3162 cuius
959 3093 1007 3162 rai
1022 3093 1212 3160 memoriam
1236 3093 1442 3178 perpetuam·
1542 3181 1543 3184 Ἴ

321 3219 384 3282 que
409 3199 597 3268 firmitatem
622 3208 793 3287 presentes
824 3201 1048 3272 concessimus
1074 3202 1205 3270 litteras
1236 3197 1377 3285 duplicis
1405 3194 1442 3260 si·

321 3307 393 3392 gitti
409 3311 511 3377 nostri
530 3311 709 3378 munimine
733 3313 917 3379 roboratas.
942 3311 1064 3378 Datum
1089 3331 1147 3396 per·
1171 3327 1288 3376 manus
1315 3301 1442 3374 discreti

321 3418 383 3484 viri
408 3419 558 3502 magistri
582 3418 708 3488 ‘thome
733 3419 898 3507 Propositi
925 3419 1032 3488 Electi
1057 3419 1215 3487 Albensis
1241 3416 1315 3484 aule
1340 3421 1441 3482 nostre

321 3526 618 3594 Vico-Ganceilarii
643 3524 756 3594 dilecti
780 3533 812 3595 et
837 3526 945 3594 tidelis
971 3527 1073 3594 nostri
1089 3547 1178 3595 anno
1194 3523 1328 3592 Domini
1344 3519 1439 3590 mille·
1540 3585 1541 3602 ἶ

319 3636 400 3701 simo
416 3635 641 3704 ducentesimo
668 3639 912 3724 septuagesimo
930 3637 1082 3723 septimo,
1098 3634 1205 3722 Regni
1220 3639 1327 3702 autem
1344 3625 1440 3697 nostri

320 3761 408 3811 anno
424 3751 530 3830 sexto,
548 3744 661 3829 quinto
678 3745 844 3814 calendas
859 3744 1063 3814 Decembris.

545 3939 705 4014 (neverat
717 3939 861 4032 sonneras
874 3941 943 3999 raze
954 3919 1031 3998 nix.
1046 3939 1098 3995 ret
1109 3939 1172 3996 mc.
1186 3937 1218 4011 r.)
