3156 5158
634 289 790 399 „2¹9-

148 488 352 560 Obristisnss
367 491 491 561 hebent
505 491 658 574 nutrices,
677 501 795 559 usuros
812 497 965 576 potenter
981 497 1144 575 exercent,
1161 497 1196 558 et
1211 507 1271 556 eus

144 597 370 684 indigentibus
385 607 573 686 movent
587 601 674 666 ultre
689 599 841 684 modum,
863 599 898 666 in
913 607 1041 667 tentum
1057 607 1093 666 ut
1108 598 1196 666 infru
1212 617 1271 664 un·

145 725 222 773 uum
237 705 399 776 excedent
421 709 528 794 ipsam
545 715 684 790 sortem3
702 705 834 794 publica
850 713 1006 776 exercent
1020 705 1153 792 officie,
1167 706 1271 773 tholo·

146 813 250 902 nerii,
266 816 438 885 monsterii
459 814 550 896 fiunt,
564 821 599 882 et
615 833 686 884 oum
704 815 789 883 olias
805 814 872 886 sint
886 813 1045 896 infideles,
1061 813 1159 882 iidem
1175 813 1271 882 mini·

143 941 231 990 mem
257 923 368 992 seium,
391 925 424 992 io
450 925 513 994 hiis
540 931 682 992 serrant.
700 923 842 992 Furetos
858 923 993 1004 colicos,
1016 929 1126 992 restes
1142 941 1268 1006 sueres,

146 1049 208 1096 neo
223 1049 290 1098 nou
306 1037 339 1097 et
353 1031 455 1100 libros
472 1032 635 1118 rccipiunt
651 1051 672 1097 o
696 1031 834 1119 iuribus,
850 1039 885 1100 ot
899 1036 1032 1100 servunt
1048 1055 1056 1096 :
1084 1035 1206 1100 etcum
1221 1031 1271 1098 'sic

145 1145 304 1223 acceptos
319 1146 480 1225 cogentur
496 1140 671 1208 restituere
687 1138 874 1223 Christiani,
892 1139 921 1206 si
936 1139 1026 1224 apud
1042 1158 1099 1208 eos
1115 1137 1269 1207 fortassis

145 1246 472 1329 invenientur,.ludei
490 1266 546 1316 cos
562 1247 735 1316 restituere
750 1267 816 1319 nou
831 1253 1001 1330 coguntur.

251 1354 290 1419 In
315 1353 378 1422 biis
403 1355 574 1435 omuibus,
601 1374 663 1438 que
689 1356 806 1423 Vestro
826 1354 1016 1442 scripsimus
1032 1355 1222 1437 Sanctitnti,
1239 1355 1269 1422 si

144 1455 296 1532 diminuti
319 1461 434 1530 forsan
458 1465 511 1530 rel
537 1461 693 1548 superflui
718 1463 911 1548 invenimur,
928 1461 1091 1549 'petimus
1106 1469 1142 1530 ut
1156 1469 1269 1532 vestre

144 1567 300 1636 discretio
324 1579 441 1655 puroet
465 1571 581 1640 nobis.
616 1570 778 1641 Voluistis
794 1578 914 1649 nutem,
929 1580 964 1640 ut
979 1569 1072 1640 vobis
1089 1572 1268 1640 cumomni

146 1677 276 1744 conteis
292 1683 324 1742 et
338 1677 517 1764 diligencie
526 1681 750 1766 scriberemus,
767 1681 854 1765 quod
870 1682 942 1749 sine
958 1679 1057 1747 dubio
1073 1681 1168 1749 nobis
1184 1679 1268 1767 ipsis
1398 1677 1401 1684 '

142 1785 366 1854 necessarium
391 1786 611 1872 arbitramur,
638 1790 789 1872 quonism
814 1789 843 1857 si
869 1789 981 1856 litters
995 1788 1063 1856 istu
1078 1785 1120 1854 de
1137 1786 1267 1854 nominc

140 1899 256 1960 nostro
271 1893 316 1960 od
332 1894 469 1964 oliorum
486 1915 613 1980 manus,
638 1915 738 1982 quum
762 1895 806 1964 ud
831 1903 959 1966 vestras
984 1893 1191 1984 perueniret,
1207 1895 1267 1962 roi-

141 2018 225 2081 mus,
254 2001 341 2084 quod
368 2003 612 2105 persecuciouis
627 2004 821 2076 scandalum
839 2005 984 2074 euadere
1000 2025 1065 2072 uon
1082 2021 1265 2090 possemus.

466 2199 605 2272 (Theiucr
626 2200 666 2258 id.
679 2219 717 2258 m.
729 2201 750 2258 1.
764 2200 823 2258 iot.
839 2201 899 2260 306.
913 2201 945 2272 l.)

581 2487 784 2504 W...»
798 2490 834 2498 e.-

133 3230 155 3292 I
161 3226 200 3294 V.
218 3226 335 3292 mazio
350 3225 460 3314 kirtly
474 3225 609 3315 Hypolit
632 3223 712 3313 yro‘f
724 3225 854 3312 fluioak
878 3225 1110 3312 adouecioyozzo
1136 3227 1259 3314 &udu-

365 3330 444 3420 jota
458 3343 537 3402 neoti
552 3335 659 3400 nomm
676 3334 786 3420 ckooyi
793 3331 913 3418 sb'ldet.
935 3334 1032 3399 1273.

246 3530 423 3603 Ludiuiaus
448 3531 511 3600 Det
539 3531 654 3618 grecie
679 3529 867 3618 Hungurie,
895 3531 1086 3614 Delmeoie,
1112 3533 1259 3617 (trencin,

125 3648 262 3727 Βειιιο,
278 3641 416 3726 Semie,
434 3641 593 3726 Gallicis,
610 3642 806 3713 Lodomcrie
815 3694 825 3730 ,
842 3643 1021 3727 (temonis,
1038 3643 1261 3727 Bulguriequs

125 3756 209 3821 Rex
225 3749 389 3820 vniucrsis
406 3748 528 3821 cunoni
544 3748 695 3818 fidelibus
718 3751 924 3836 presencium
949 3749 1105 3819 noticiam
1131 3749 1260 3820 hebitu-

123 3861 193 3943 ris,
211 3861 351 3928 mlutcm
366 3860 400 3927 iu
416 3859 534 3928 solutis
550 3858 715 3944 largitore.
732 3860 835 3946 Regis
845 3859 1057 3946 benignitatis
1073 3859 1258 3930 sublimitas

86 4003 89 4006 ·
121 3976 226 4040 recto
249 3988 394 4056 pensons
417 3968 588 4038 libramine
612 3969 729 4036 merite
752 3969 964 4055 singulorum,
980 3975 1014 4036 et
1029 3970 1171 4038 menime
1187 3970 1260 4038 illo·

120 4099 221 4164 rum,
237 4097 321 4161 quos
337 4079 421 4146 sicui
436 4078 592 4165 generosi
608 4078 778 4164 sanguinis
802 4079 873 4148 altu
897 4078 1052 4146 nobilitas
1078 4084 1111 4144 et
1136 4087 1260 4146 morum

117 4191 254 4256 innata
278 4187 435 4272 pronitas,
459 4187 509 4256 sic
536 4193 570 4256 et
594 4186 780 4272 approbate
804 4185 974 4256 fidelitatis
1000 4186 1193 4255 eonstsueis
1217 4208 1259 4255 ao
1343 4256 1346 4270 ,

116 4306 326 4369 stenuorum
357 4301 489 4364 eduum
505 4295 717 4381 experisnoin
735 4291 879 4361 efficiunt
903 4293 1093 4382 digniores,
1110 4295 1185 4362 dum
1201 4309 1259 4364 eos

115 4406 237 4490 digne
252 4403 480 4472 retribucionis
496 4401 655 4472 beneficio
670 4401 843 4487 refocillet,
863 4401 940 4470 dum
957 4402 1005 4469 eis
1020 4405 1155 4486 iungitur
1171 4405 1258 4486 quod

113 4517 310 4597 merentur,
320 4513 492 4580 multorum
507 4517 631 4580 mentes
647 4509 691 4578 od
705 4509 874 4579 fidelitatis
889 4508 1001 4580 florem
1018 4511 1147 4595 excitet,
1164 4519 1200 4578 et
1214 4512 1258 4581 sd

111 4619 366 4690 benemerendi
392 4619 502 4686 studio
527 4616 666 4685 fideriter
682 4619 937 4704 obsequentibus
953 4619 1071 4704 prebet
1086 4627 1119 4688 et
1133 4625 1259 4705 prestet

1044 4730 1066 4794 2
1075 4727 1095 4768 0
