3116 5166
654 901 714 984 3⁹·

122 1097 184 1162 IV.
200 1099 313 1164 Ldezlo‘
321 1099 458 1186 tirctpc
475 1101 575 1166 Danaa
586 1101 826 1188 uzipete'ufelcod
839 1114 925 1168 ecurt
939 1105 1131 1170 Pantaleonti
1145 1129 1249 1172 mono·
1341 1170 1346 1178 ,

123 1216 210 1288 sort,
226 1209 337 1294 mulget
353 1208 539 1295 jcptulaaul
562 1233 583 1273 a
608 1233 649 1276 aa.
668 1211 802 1274 Katatt'c
819 1198 1106 1300 cpdczazdt·dd·nuk
1122 1219 1248 1280 ademti-

123 1323 246 1400 ayosott
261 1315 333 1398 volt,
352 1317 531 1381 birtokdcul
545 1328 648 1406 epydtt
663 1319 804 1382 croscule
813 1369 823 1398 ,
840 1319 985 1385 Gabi-iau
1000 1323 1249 1406 mesterfiuicclc

523 1427 603 1512 adju
618 1429 728 1493 vissae.
747 1429 844 1494 1277.

232 1620 407 1690 Ladislaas
432 1623 494 1690 Dei
518 1625 633 1708 gracia
663 1624 850 1709 Hungaric,
882 1625 1071 1710 Dalmacie,
1098 1629 1249 1714 ,Groneia

125 1731 249 1816 Rame,
275 1733 389 1799 Seruis
399 1783 408 1817 ,
434 1733 590 1821 Gallicis,
607 1734 801 1801 Lodomeric
811 1786 820 1821 ,
839 1735 996 1802 Cumanis
1007 1788 1016 1821 ,
1033 1737 1249 1822 Balgarieque

124 1840 197 1905 Rex
223 1843 374 1910 omnibus
400 1841 518 1909 christi
545 1842 696 1912 fidelibus
719 1863 856 1930 presens
882 1845 1036 1931 scriptum
1053 1847 1250 1932 inspecturis

125 1949 264 2015 sulutem
291 1949 324 2014 in
349 1951 490 2016 omnium
517 1953 695 2020 saluatorc.
721 1952 774 2018 Ad
790 1953 1014 2019 uniuersorum
1031 1955 1184 2022 noticiam
1201 1963 1247 2023 te·

124 2077 205 2124 nore
222 2059 429 2143 presencium
445 2059 595 2129 volumus
611 2062 793 2146 peruenire,
820 2061 907 2144 quod
933 2081 1005 2127 eum
1031 2070 1166 2149 propter
1182 2065 1248 2130 oul-

123 2175 192 2234 tum
219 2168 331 2234 Diuini
364 2168 505 2237 nominis
531 2172 764 2238 monasterium
780 2170 892 2237 Sancti
910 2173 1131 2256 Pantaleonis,
1149 2172 1249 2240 sitnm

123 2277 158 2343 in
175 2277 291 2343 Insula
306 2274 463 2362 Danubii,
480 2279 525 2345 ad
541 2277 735 2364 peticionem
752 2297 899 2347 sororum
924 2281 1043 2347 Sancte
1069 2279 1250 2348 Katharine

123 2387 166 2453 de
191 2386 280 2452 valle
305 2387 427 2454 Sancta
443 2387 548 2455 Maris
557 2437 566 2472 ,
593 2387 671 2471 quia
686 2407 825 2456 vacuum
841 2393 913 2456 orat
928 2394 962 2454 et
977 2388 1129 2457 omnibus
1154 2389 1249 2456 bonis

122 2498 327 2583 destitutum,
343 2497 426 2582 ipsis
442 2499 606 2566 sororibus
623 2499 885 2582 contulissemus,
901 2499 1093 2584 ignorantes
1109 2499 1149 2566 de
1173 2499 1250 2585 jure

122 2613 156 2674 et
172 2604 361 2673 hereditate
377 2603 686 2688 Dominioi‚'Jacobi
704 2615 737 2674 et
754 2608 912 2676 Gabriani
937 2607 1075 2676 filiorum
1103 2607 1251 2690 magistri

122 2715 288 2782 Gabriani
304 2714 464 2781 extitisse.
481 2713 564 2793 Quia
579 2721 688 2783 tamen
706 2715 914 2802 postmodum
939 2737 999 2802 per
1023 2715 1170 2785 Berones
1194 2703 1250 2785 no-

119 2832 211 2894 stros
224 2825 439 2891 etvniuersos
450 2825 555 2910 Regni
565 2823 814 2894 nostriNobiles
824 2825 972 2894 constitit
982 2826 1251 2911 euidenter,quod
1355 2912 1357 2918 Ι

120 2933 234 3020 ipsum
241 2932 708 3001 monasteriumcumomnibus
719 2934 1126 3022 possessionibus,populis
1141 2941 1173 3000 et
1183 2937 1251 3003 suis

119 3043 337 3132 pertinencijs
343 3039 419 3130 jure
427 3042 625 3112 hereditario
635 3043 679 3111 ad
689 3043 856 3130 predictos
865 3042 950 3111 filios
966 3042 1116 3129 magistri
1133 3043 1248 3110 Gabri-

118 3153 178 3218 ani
187 3153 388 3242 pertinebat,
400 3149 609 3222 fidelitatibus
620 3151 810 3221 etseruiciis
827 3152 1004 3222 eorundem
1020 3153 1250 3236 consideratis,

118 3283 188 3346 que
205 3261 302 3330 nohis
319 3259 495 3348 indefesse,
512 3283 583 3330 oum
600 3263 746 3349 Regnum
772 3272 916 3331 nostrum
931 3261 1104 3346 inopinata
1119 3260 1251 3329 calami-

117 3377 195 3440 tate
211 3371 460 3458 opprimeretur,
477 3381 625 3439 nontam
646 3392 706 3458 per
722 3371 843 3440 bellurn
859 3367 1059 3456 intestinum,
1078 3389 1175 3454 quam
1191 3387 1250 3456 per

114 3479 311 3568 potenciam
321 3481 422 3568 Regis
438 3481 642 3564 Boemorum,
654 3481 709 3564 qui
726 3500 784 3566 per
800 3481 961 3549 astuciam
977 3499 1036 3546 sue
1052 3471 1250 3565 peruersituss

114 3592 168 3657 tis
192 3587 398 3658 municiones
422 3611 482 3660 seu
507 3597 616 3658 eastra
636 3590 741 3677 Regni
757 3589 859 3658 nostri
877 3593 1066 3674 oocuparet,
1083 3585 1250 3673 impende·

113 3706 220 3784 runt3
246 3700 391 3768 maxime
415 3699 449 3765 in
475 3697 722 3786 expugnatione
749 3697 850 3766 castri
866 3697 1060 3782 Jauricnsis,
1079 3695 1135 3764 vbi
1150 3696 1250 3781 ijdem

110 3809 259 3876 fuerunt
277 3827 338 3894 per
357 3807 600 3896 ictusiapidum
621 3812 654 3872 et
664 3805 856 3892 sogittarum
868 3806 1013 3872 letaliter
1023 3803 1200 3887 vulnerati,
1212 3803 1254 3870 de

108 3915 264 3984 consilio
280 3917 444 3984 Beronum
455 3916 604 4002 etRegni
615 3915 717 3982 nostri
727 3914 885 3981 nobilium
895 3911 1053 3999 predictis
1064 3911 1250 3998 Dominico,

105 4025 261 4110 Jacobs,
273 4029 307 4092 et
323 4025 492 4094 Gabriano
510 4024 588 4112 filijs
605 4023 754 4110 magistri
766 4022 938 4108 Gabriani,
954 4021 1073 4090 dietum
1088 4027 1259 4118 monaste-h

104 4127 213 4205 rium
228 4153 300 4202 curn
325 4133 477 4204 omnibns
503 4135 780 4220 possessionibus,
797 4131 929 4221 populis
946 4139 979 4199 et
995 4130 1070 4198 aliis
1086 4132 1251 4216 pertinen-

103 4242 431 4315 ciisrestituendum
444 4243 595 4314 duximus
606 4243 872 4330 etreddendum3
888 4245 1085 4312 reuocantes
1101 4237 1251 4307 collacio-

100 4377 201 4428 nem
227 4373 286 4424 seu
311 4354 527 4422 donacionem
555 4353 679 4422 factam
694 4372 753 4441 per
768 4353 883 4420 literas
900 4358 1032 4419 nostras
1047 4349 1102 4418 vel
1118 4347 1251 4434 priuile-

101 4469 219 4556 gium
236 4466 401 4534 sororibus
417 4467 520 4534 Beate
536 4461 723 4534 Kathsrine
749 4461 945 4530 memoratis.
962 4463 999 4528 In
1016 4459 1107 4526 ouius
1123 4456 1172 4523 rei
1188 4474 1252 4520 me·

97 4577 270 4654 moriam
285 4583 319 4646 et
334 4584 526 4663 perpetuam
545 4575 730 4644 firmitatem
757 4577 927 4658 presentes
944 4567 1166 4639 concessimus
1182 4564 1251 4630 lite-
