3156 5158
866 315 981 422 „4⁶

389 511 482 580 uudit
497 515 542 581 sd
558 513 721 600 quondum
741 514 861 582 vollem
870 565 879 600 ,
895 512 952 582 uhi
969 519 1046 580 sunt
1062 515 1125 580 due
1141 514 1276 580 arbores
1292 512 1411 599 yliuis;
1436 511 1499 577 inde

389 623 423 687 iu
440 622 544 688 latere
560 621 680 691 montis
699 623 789 688 uenit
804 624 850 690 sd
866 629 1006 707 quotuor
1022 623 1182 706 arbores,
1199 620 1255 686 ubi
1272 629 1322 687 est
1338 629 1499 686 nommetu-

389 747 471 796 ueus
487 730 646 800 Nioolous
662 729 751 798 filius
768 732 956 818 Lumperti,
981 737 1013 798 et
1039 738 1114 816 post
1139 729 1200 796 heo
1226 729 1317 796 eadit
1341 728 1376 794 iu
1392 735 1499 794 terrun

389 837 535 904 eiusdem
562 840 650 906 Petri
666 828 804 908 Comitis
829 839 890 926 filij
916 841 1045 926 Myeou.
1072 840 1114 906 Et
1128 839 1162 905 iu
1178 843 1353 922 prenotato
1369 837 1499 918 eirouitu,

388 946 536 1029 prediete
552 953 637 1015 terre
653 947 807 1018 Pehuheu
824 956 857 1016 et
872 948 1049 1034 Pediusun,
1061 949 1283 1032 distinguntur
1298 945 1419 1030 ubique
1439 965 1498 1009 eun

388 1053 472 1124 binis
488 1056 593 1140 metis,
610 1058 695 1124 sieut
711 1057 771 1125 heo
788 1059 899 1125 omniu
914 1057 1000 1125 dixit
1016 1058 1113 1126 uobis
1139 1056 1329 1141 sepedictus
1345 1056 1458 1121 Petms
1472 1051 1498 1116 fi·

269 1151 273 1166 '
388 1163 450 1230 lius
476 1161 614 1230 Nieolui.
643 1167 681 1232 Iu
707 1166 799 1233 ouius
815 1165 863 1232 rei
879 1167 1100 1234 testimouium
1119 1173 1152 1232 et
1168 1163 1356 1232 memoriam
1373 1161 1416 1229 ud
1432 1159 1500 1248 peti·

387 1271 514 1340 oiouem
531 1274 678 1342 eiusdem
693 1275 784 1342 Petri
799 1273 861 1360 iilij
887 1274 1018 1343 Nioolui
1043 1279 1215 1360 presentes
1231 1279 1365 1338 nostrus
1381 1287 1497 1339 ooueer·

388 1379 489 1448 simus
505 1380 654 1468 litteras,
670 1382 772 1468 sigilli
798 1383 905 1450 nostri
920 1383 1097 1450 munimine
1114 1381 1298 1448 roboratos.
1315 1379 1437 1447 Datum
1451 1395 1498 1463 per

387 1507 503 1556 munus
529 1491 678 1574 magistri
703 1491 785 1559 sixti
811 1489 958 1560 heutonis
984 1489 1230 1575 strigoniensis.
1256 1491 1354 1557 Auuo
1380 1483 1498 1556 Domini

386 1597 446 1663 Μ’).
463 1596 542 1665 00⁰.
560 1597 679 1664 Lxx0.
697 1606 823 1684 quarto,
841 1598 874 1666 in
891 1603 1009 1668 ooteus
1025 1596 1176 1668 Omnium
1198 1595 1403 1664 Sunotorum.

492 1797 603 1866 legeret.
630 1791 816 1867 Biirhlrtytu
837 1793 900 1850 kelt
912 1797 1034 1851 metsuet
1046 1789 1137 1862 level,
1158 1788 1275 1863 peesete
1288 1807 1323 1846 uu
1337 1790 1397 1845 slul
1409 1787 1497 1856 io'lhsj·

385 1888 441 1940 tots
452 1882 558 1956 hirtys
566 1885 777 1943 hussoekoibtl
789 1885 855 1940 sold
868 1884 1024 1957 selyemriil
1037 1883 1110 1956 fulgg
1123 1880 1154 1938 es
1172 1897 1313 1954 ugyunsn,
1337 1881 1424 1953 melly
1445 1878 1495 1934 re'u·

385 1975 563 2048 nyomsthen
574 1992 592 2031 s
604 1975 726 2049 Mugyar
738 1973 915 2032 Ttirtenelmi
929 1972 1049 2032 Tirbun
1062 1975 1097 2030 11.
1110 1975 1156 2032 23.
1171 1971 1292 2030 lethatii.
1318 1973 1345 2026 Α
1355 1969 1497 2027 hekkiile·

385 2064 556 2125 veittrbsn:
570 2066 631 2123 AL.
642 2068 685 2123 14.
701 2056 783 2138 Erdg.

381 3113 412 3180 A
427 3118 518 3182 ociosi
532 3114 687 3202 koptahru
702 3115 970 3204 bizouyscigleoele,
986 3115 1064 3203 liopy
1079 3137 1101 3179 u
1117 3115 1210 3179 Peter
1224 3120 1390 3203 rmuzehep
1405 3133 1491 3180 uerre-
1575 3065 1576 3068 Ἴ

380 3227 426 3289 sei
440 3227 471 3289 es
486 3247 507 3288 u
521 3222 710 3312 uyulsripeti
723 3223 875 3311 optundit,
893 3223 1190 3312 Ouzldrueoiiperes
1196 3221 1491 3307 slidhirtoltruuiuus

632 3333 815 3417 burdmdyos
830 3335 1001 3418 epyeusepre
1017 3331 1127 3417 leptek.
1153 3332 1252 3396 1274.

487 3547 675 3634 Capitulum
691 3547 843 3615 Euelesie
861 3548 1035 3618 Vuoieusis
1051 3548 1201 3616 omuibus
1213 3548 1338 3618 Christi
1355 3547 1491 3615 fidelihus

384 3656 501 3740 quibus
516 3665 689 3743 presentes
706 3655 921 3725 ostenduntur
937 3657 1076 3726 sulutem
1096 3658 1131 3724 iu
1156 3659 1299 3724 omnium
1327 3659 1489 3724 ssluutore.

382 3765 435 3831 Ad
451 3765 677 3834 universorum
705 3764 858 3833 uotiuium
875 3771 988 3832 tenore
1004 3766 1209 3851 preseuuium
1224 3769 1374 3834 volumus
1391 3781 1489 3853 perue-
1572 3835 1573 3838 ,

382 3871 460 3956 nire,
478 3873 566 3955 quod
582 3870 778 3941 uueedeutes
794 3873 838 3940 ud
855 3879 999 3940 nostrum
1015 3873 1220 3957 preseuoium
1246 3876 1397 3960 magistri
1412 3872 1488 3940 Ghri-
1572 3851 1573 3867 ¹

380 3982 540 4057 stuiorus‚
566 3983 754 4068 Stephanus
778 3980 865 4050 filius
882 3979 1028 4066 Oltmsu,
1044 4004 1103 4068 pro
1119 4003 1156 4049 se
1172 3991 1204 4050 et
1230 4005 1290 4071 pro
1310 3980 1489 4052 Alexandro
1571 4039 1572 4050 ,

380 4087 483 4157 iratre
499 4109 571 4174 suo,
588 4091 712 4176 Petrus,
730 4089 848 4158 statues
865 4091 1010 4159 eiusdem
1027 4092 1175 4176 magistri
1191 4091 1398 4176 christofori,
1415 4085 1490 4158 uoti·
1571 4085 1572 4129 l

380 4197 430 4264 les
447 4198 490 4265 de
506 4217 627 4284 genere
642 4200 751 4284 Petri,
778 4219 838 4286 pro
864 4221 900 4268 se
927 4206 959 4266 et
983 4219 1043 4287 pro
1067 4201 1217 4269 omuibus
1233 4199 1489 4286 generuoionitus
1570 4285 1571 4288 Ἴ

380 4306 449 4374 suis
462 4327 503 4375 ex
517 4327 584 4376 uns
599 4313 711 4392 perte;
729 4309 772 4375 ub
788 4311 894 4376 alteru
910 4331 987 4378 vero
1005 4310 1123 4377 Comes
1140 4311 1339 4397 Stephanus,
1350 4304 1488 4379 ollioielis
1570 4297 1571 4391 l

381 4415 585 4484 dominarum
611 4435 759 4484 sororum
786 4418 941 4486 videlieet
973 4419 1014 4487 (le
1036 4419 1150 4488 Insula
1177 4421 1371 4488 Monosterii
1399 4421 1489 4484 Beato
1569 4477 1570 4504 ,

381 4523 546 4611 Virginis,
572 4527 703 4593 nomine
727 4533 759 4595 et
784 4525 856 4596 viee
871 4529 1015 4612 ipserum
1031 4528 1245 4614 dominorum,
1261 4547 1328 4597 uns
1344 4549 1412 4599 eum
1427 4527 1487 4592 Sto

380 4630 494 4718 pheno
509 4633 577 4700 filiu
593 4634 734 4720 Nioolsy
749 4635 793 4704 de
808 4635 968 4704 ilemereu
984 4635 1114 4705 homiue
1130 4637 1253 4706 domiui
1263 4639 1372 4726 Regis,
1388 4645 1485 4705 etouu
1568 4709 1569 4762 1
