<?xml version="1.0" encoding="UTF-8"?>
<!DOCTYPE html PUBLIC "-//W3C//DTD XHTML 1.0 Transitional//EN"
    "http://www.w3.org/TR/xhtml1/DTD/xhtml1-transitional.dtd">
<html xmlns="http://www.w3.org/1999/xhtml" xml:lang="en" lang="en">
 <head>
  <title>
</title>
<meta http-equiv="Content-Type" content="text/html;charset=utf-8" />
  <meta name='ocr-system' content='tesseract 3.04.00' />
  <meta name='ocr-capabilities' content='ocr_page ocr_carea ocr_par ocr_line ocrx_word'/>
</head>
<body>
  <div class='ocr_page' id='page_1' title='image "./codexdiplomatic08wenzgoog_0376.png"; bbox 0 0 3154 5166; ppageno 0'>
   <div class='ocr_carea' id='block_1_1' title="bbox 862 291 928 360">
    <p class='ocr_par' dir='ltr' id='par_1_1' title="bbox 862 291 928 360">
     <span class='ocr_line' id='line_1_1' title="bbox 862 291 928 360; baseline 0 0"><span class='ocrx_word' id='word_1_1' title='bbox 862 291 928 360; x_wconf 80' lang='grc'><strong>346</strong></span> 
     </span>
    </p>
   </div>
   <div class='ocr_carea' id='block_1_2' title="bbox 332 489 1454 903">
    <p class='ocr_par' dir='ltr' id='par_1_2' title="bbox 332 489 1454 903">
     <span class='ocr_line' id='line_1_2' title="bbox 334 489 1453 578; baseline -0.003 -22"><span class='ocrx_word' id='word_1_2' title='bbox 334 489 492 578; x_wconf 87' lang='lat' dir='ltr'><strong>expedire</strong></span> <span class='ocrx_word' id='word_1_3' title='bbox 517 490 659 578; x_wconf 89' lang='lat' dir='ltr'><strong>proprijs</strong></span> <span class='ocrx_word' id='word_1_4' title='bbox 687 491 854 561; x_wconf 74' lang='lat' dir='ltr'>laboribus</span> <span class='ocrx_word' id='word_1_5' title='bbox 879 497 912 559; x_wconf 87' lang='lat' dir='ltr'><strong>et</strong></span> <span class='ocrx_word' id='word_1_6' title='bbox 928 489 1093 578; x_wconf 79' lang='lat' dir='ltr'>expensis.</span> <span class='ocrx_word' id='word_1_7' title='bbox 1110 491 1149 557; x_wconf 92' lang='lat' dir='ltr'><strong>ln</strong></span> <span class='ocrx_word' id='word_1_8' title='bbox 1165 489 1257 574; x_wconf 91' lang='lat' dir='ltr'><strong>cojos</strong></span> <span class='ocrx_word' id='word_1_9' title='bbox 1273 491 1318 557; x_wconf 90' lang='lat' dir='ltr'><strong>rei</strong></span> <span class='ocrx_word' id='word_1_10' title='bbox 1336 507 1453 554; x_wconf 89' lang='lat' dir='ltr'><strong>memo-</strong></span> 
     </span>
     <span class='ocr_line' id='line_1_3' title="bbox 334 599 1453 688; baseline -0.002 -23"><span class='ocrx_word' id='word_1_11' title='bbox 334 600 416 666; x_wconf 85' lang='lat' dir='ltr'><strong>riam</strong></span> <span class='ocrx_word' id='word_1_12' title='bbox 433 607 602 688; x_wconf 81' lang='lat' dir='ltr'>presentes</span> <span class='ocrx_word' id='word_1_13' title='bbox 618 606 747 670; x_wconf 87' lang='lat' dir='ltr'><strong>nostras</strong></span> <span class='ocrx_word' id='word_1_14' title='bbox 763 601 986 670; x_wconf 73' lang='lat' dir='ltr'><strong>concessimus</strong></span> <span class='ocrx_word' id='word_1_15' title='bbox 1007 601 1135 668; x_wconf 77' lang='lat' dir='ltr'><strong>litteras</strong></span> <span class='ocrx_word' id='word_1_16' title='bbox 1152 599 1251 684; x_wconf 81' lang='lat' dir='ltr'><strong>sigilli</strong></span> <span class='ocrx_word' id='word_1_17' title='bbox 1268 599 1371 666; x_wconf 63' lang='lat' dir='ltr'><strong>nosti</strong></span> <span class='ocrx_word' id='word_1_18' title='bbox 1386 617 1453 665; x_wconf 91' lang='lat' dir='ltr'><strong>mu·</strong></span> 
     </span>
     <span class='ocr_line' id='line_1_4' title="bbox 333 706 1454 795; baseline 0 -22"><span class='ocrx_word' id='word_1_19' title='bbox 333 707 455 775; x_wconf 88' lang='lat' dir='ltr'><strong>nimine</strong></span> <span class='ocrx_word' id='word_1_20' title='bbox 471 710 654 795; x_wconf 87' lang='lat' dir='ltr'><strong>roboratas,</strong></span> <span class='ocrx_word' id='word_1_21' title='bbox 669 729 756 779; x_wconf 88' lang='lat' dir='ltr'><strong>anno</strong></span> <span class='ocrx_word' id='word_1_22' title='bbox 776 710 909 779; x_wconf 88' lang='lat' dir='ltr'><strong>Domini</strong></span> <span class='ocrx_word' id='word_1_23' title='bbox 924 709 984 776; x_wconf 77' lang='lat' dir='ltr'><strong>ll&#39;.</strong></span> <span class='ocrx_word' id='word_1_24' title='bbox 1001 709 1098 778; x_wconf 82' lang='lat'>0⁰0⁰.</span> <span class='ocrx_word' id='word_1_25' title='bbox 1111 706 1313 776; x_wconf 81' lang='lat' dir='ltr'>L⁰x⁰x⁰x⁰.</span> <span class='ocrx_word' id='word_1_26' title='bbox 1325 707 1454 774; x_wconf 93' lang='lat' dir='ltr'><strong>nonoin</strong></span> 
     </span>
     <span class='ocr_line' id='line_1_5' title="bbox 332 815 1008 903; baseline 0 -21"><span class='ocrx_word' id='word_1_27' title='bbox 332 815 505 899; x_wconf 83' lang='lat' dir='ltr'><strong>quindenis</strong></span> <span class='ocrx_word' id='word_1_28' title='bbox 521 817 616 885; x_wconf 83' lang='lat' dir='ltr'><strong>Beati</strong></span> <span class='ocrx_word' id='word_1_29' title='bbox 632 816 780 886; x_wconf 89' lang='lat' dir='ltr'><strong>llicaelis</strong></span> <span class='ocrx_word' id='word_1_30' title='bbox 797 815 1008 903; x_wconf 79' lang='lat' dir='ltr'><strong>Archangeli.</strong></span> 
     </span>
    </p>
   </div>
   <div class='ocr_carea' id='block_1_3' title="bbox 331 1011 1456 1180">
    <p class='ocr_par' dir='ltr' id='par_1_3' title="bbox 331 1011 1456 1180">
     <span class='ocr_line' id='line_1_6' title="bbox 331 1011 1456 1086; baseline 0.001 -18"><span class='ocrx_word' id='word_1_31' title='bbox 331 1011 466 1086; x_wconf 75' lang='lat' dir='ltr'><strong>(Hirtya.</strong></span> <span class='ocrx_word' id='word_1_32' title='bbox 481 1013 506 1068; x_wconf 83' lang='lat' dir='ltr'><strong>A</strong></span> <span class='ocrx_word' id='word_1_33' title='bbox 520 1013 620 1086; x_wconf 75' lang='lat' dir='ltr'><strong>peceet</strong></span> <span class='ocrx_word' id='word_1_34' title='bbox 633 1013 795 1070; x_wconf 68' lang='lat' dir='ltr'><strong>vdrdsmdld</strong></span> <span class='ocrx_word' id='word_1_35' title='bbox 807 1013 937 1086; x_wconf 78' lang='lat' dir='ltr'><strong>selymen</strong></span> <span class='ocrx_word' id='word_1_36' title='bbox 955 1011 1037 1086; x_wconf 78' lang='lat' dir='ltr'><strong>ttigg.</strong></span> <span class='ocrx_word' id='word_1_37' title='bbox 1065 1011 1346 1085; x_wconf 74' lang='lat' dir='ltr'><strong>Poasonylriptalani</strong></span> <span class='ocrx_word' id='word_1_38' title='bbox 1360 1011 1456 1070; x_wconf 74' lang='lat' dir='ltr'><strong>oreat-</strong></span> 
     </span>
     <span class='ocr_line' id='line_1_7' title="bbox 470 1103 1308 1180; baseline -0.004 -18"><span class='ocrx_word' id='word_1_39' title='bbox 470 1121 523 1178; x_wconf 75' lang='lat' dir='ltr'><strong>goe</strong></span> <span class='ocrx_word' id='word_1_40' title='bbox 536 1103 678 1176; x_wconf 61' lang='lat' dir='ltr'><strong>levdltdu</strong></span> <span class='ocrx_word' id='word_1_41' title='bbox 693 1104 788 1180; x_wconf 81' lang='lat' dir='ltr'><strong>Capsa</strong></span> <span class='ocrx_word' id='word_1_42' title='bbox 800 1105 878 1164; x_wconf 75' lang='lat' dir='ltr'><strong>xlv.</strong></span> <span class='ocrx_word' id='word_1_43' title='bbox 892 1105 977 1164; x_wconf 76' lang='lat' dir='ltr'><strong>Fauo.</strong></span> <span class='ocrx_word' id='word_1_44' title='bbox 989 1107 1034 1163; x_wconf 76' lang='grc'><strong>23.</strong></span> <span class='ocrx_word' id='word_1_45' title='bbox 1053 1105 1103 1162; x_wconf 85' lang='lat' dir='ltr'><strong>Nr.</strong></span> <span class='ocrx_word' id='word_1_46' title='bbox 1118 1107 1163 1162; x_wconf 81' lang='lat'><strong>19.</strong></span> <span class='ocrx_word' id='word_1_47' title='bbox 1188 1105 1308 1174; x_wconf 76' lang='lat' dir='ltr'><strong>Korea.)</strong></span> 
     </span>
    </p>
   </div>
   <div class='ocr_carea' id='block_1_4' title="bbox 758 1403 1004 1418">
    <p class='ocr_par' dir='ltr' id='par_1_4' title="bbox 758 1403 1004 1418">
     <span class='ocr_line' id='line_1_8' title="bbox 758 1403 1004 1418; baseline 0 -2"><span class='ocrx_word' id='word_1_48' title='bbox 758 1403 1004 1418; x_wconf 56' lang='grc' dir='ltr'><strong>-Μ</strong></span> 
     </span>
    </p>
   </div>
   <div class='ocr_carea' id='block_1_5' title="bbox 846 1945 929 2012">
    <p class='ocr_par' dir='ltr' id='par_1_5' title="bbox 846 1945 929 2012">
     <span class='ocr_line' id='line_1_9' title="bbox 846 1945 929 2012; baseline -0.012 -1"><span class='ocrx_word' id='word_1_49' title='bbox 846 1945 929 2012; x_wconf 77' lang='lat'><strong>222.</strong></span> 
     </span>
    </p>
   </div>
   <div class='ocr_carea' id='block_1_6' title="bbox 326 2141 1453 2450">
    <p class='ocr_par' dir='ltr' id='par_1_6' title="bbox 326 2141 1453 2450">
     <span class='ocr_line' id='line_1_10' title="bbox 327 2141 1453 2230; baseline -0.002 -24"><span class='ocrx_word' id='word_1_50' title='bbox 327 2141 442 2206; x_wconf 81' lang='lat' dir='ltr'><strong>Ldoald</strong></span> <span class='ocrx_word' id='word_1_51' title='bbox 457 2141 597 2206; x_wconf 78' lang='lat' dir='ltr'><strong>Korehoi</strong></span> <span class='ocrx_word' id='word_1_52' title='bbox 611 2141 692 2208; x_wconf 80' lang='lat' dir='ltr'><strong>Saul</strong></span> <span class='ocrx_word' id='word_1_53' title='bbox 699 2143 751 2228; x_wconf 79' lang='lat' dir='ltr'><strong>fio</strong></span> <span class='ocrx_word' id='word_1_54' title='bbox 767 2142 904 2230; x_wconf 76' lang='lat' dir='ltr'><strong>mepdolt</strong></span> <span class='ocrx_word' id='word_1_55' title='bbox 920 2145 1048 2208; x_wconf 77' lang='lat' dir='ltr'><strong>testodre</strong></span> <span class='ocrx_word' id='word_1_56' title='bbox 1071 2146 1153 2230; x_wconf 80' lang='lat' dir='ltr'><strong>oreje&#39;t</strong></span> <span class='ocrx_word' id='word_1_57' title='bbox 1169 2141 1355 2230; x_wconf 75' lang='lat' dir='ltr'><strong>Aplorrclrot,</strong></span> <span class='ocrx_word' id='word_1_58' title='bbox 1372 2143 1394 2204; x_wconf 88' lang='lat'><strong><em>6</em></strong></span> <span class='ocrx_word' id='word_1_59' title='bbox 1408 2141 1453 2225; x_wconf 76' lang='lat' dir='ltr'><strong>pi·</strong></span> 
     </span>
     <span class='ocr_line' id='line_1_11' title="bbox 326 2249 1449 2340; baseline -0.001 -28"><span class='ocrx_word' id='word_1_60' title='bbox 326 2255 377 2316; x_wconf 81' lang='lat' dir='ltr'><strong>ro&#39;t</strong></span> <span class='ocrx_word' id='word_1_61' title='bbox 393 2251 527 2334; x_wconf 77' lang='lat' dir='ltr'><strong>flzetvdn</strong></span> <span class='ocrx_word' id='word_1_62' title='bbox 551 2252 641 2336; x_wconf 78' lang='lat' dir='ltr'><strong>eselci,</strong></span> <span class='ocrx_word' id='word_1_63' title='bbox 662 2256 915 2340; x_wconf 68' lang='lat' dir='ltr'><strong>menaposoaoupi</strong></span> <span class='ocrx_word' id='word_1_64' title='bbox 939 2253 1143 2339; x_wconf 76' lang='lat' dir='ltr'><strong>lozomduydt</strong></span> <span class='ocrx_word' id='word_1_65' title='bbox 1159 2255 1189 2316; x_wconf 75' lang='lat' dir='ltr'><strong>es</strong></span> <span class='ocrx_word' id='word_1_66' title='bbox 1214 2275 1234 2314; x_wconf 87' lang='lat' dir='ltr'><strong>u</strong></span> <span class='ocrx_word' id='word_1_67' title='bbox 1251 2249 1449 2336; x_wconf 75' lang='lat' dir='ltr'><strong>nepyerirdszt</strong></span> 
     </span>
     <span class='ocr_line' id='line_1_12' title="bbox 446 2357 1323 2450; baseline -0.001 -27"><span class='ocrx_word' id='word_1_68' title='bbox 446 2357 583 2446; x_wconf 75' lang='lat' dir='ltr'><strong>illeodlop</strong></span> <span class='ocrx_word' id='word_1_69' title='bbox 598 2359 740 2448; x_wconf 66' lang='lat' dir='ltr'><strong>dialecto·</strong></span> <span class='ocrx_word' id='word_1_70' title='bbox 754 2386 775 2426; x_wconf 88' lang='lat' dir='ltr'><strong>a</strong></span> <span class='ocrx_word' id='word_1_71' title='bbox 786 2365 937 2450; x_wconf 79' lang='lat' dir='ltr'><strong>pozeonyi</strong></span> <span class='ocrx_word' id='word_1_72' title='bbox 951 2361 1108 2448; x_wconf 81' lang='lat' dir='ltr'><strong>ledptuloc</strong></span> <span class='ocrx_word' id='word_1_73' title='bbox 1125 2361 1206 2427; x_wconf 73' lang='lat' dir='ltr'><strong>doto.</strong></span> <span class='ocrx_word' id='word_1_74' title='bbox 1226 2361 1323 2423; x_wconf 83' lang='lat'><em>1289.</em></span> 
     </span>
    </p>
   </div>
   <div class='ocr_carea' id='block_1_7' title="bbox 573 2594 1197 2663">
    <p class='ocr_par' dir='ltr' id='par_1_7' title="bbox 573 2594 1197 2663">
     <span class='ocr_line' id='line_1_13' title="bbox 573 2594 1197 2663; baseline 0 -4"><span class='ocrx_word' id='word_1_75' title='bbox 573 2594 610 2659; x_wconf 85' lang='lat' dir='ltr'><strong>A.</strong></span> <span class='ocrx_word' id='word_1_76' title='bbox 719 2595 755 2660; x_wconf 93' lang='lat' dir='ltr'><strong>B.</strong></span> <span class='ocrx_word' id='word_1_77' title='bbox 866 2595 900 2663; x_wconf 80' lang='lat'><strong>0.</strong></span> <span class='ocrx_word' id='word_1_78' title='bbox 1010 2597 1051 2661; x_wconf 93' lang='lat' dir='ltr'><strong>D.</strong></span> <span class='ocrx_word' id='word_1_79' title='bbox 1162 2595 1197 2660; x_wconf 77' lang='lat' dir='ltr'><strong>ld.</strong></span> 
     </span>
    </p>
   </div>
   <div class='ocr_carea' id='block_1_8' title="bbox 435 2783 1562 2879">
    <p class='ocr_par' dir='ltr' id='par_1_8' title="bbox 435 2783 1562 2879">
     <span class='ocr_line' id='line_1_14' title="bbox 435 2783 1562 2879; baseline 0.003 -21"><span class='ocrx_word' id='word_1_80' title='bbox 435 2793 601 2862; x_wconf 86' lang='lat' dir='ltr'><strong>Vniuersis</strong></span> <span class='ocrx_word' id='word_1_81' title='bbox 629 2789 751 2862; x_wconf 77' lang='lat' dir='ltr'><strong>Christi</strong></span> <span class='ocrx_word' id='word_1_82' title='bbox 767 2792 918 2864; x_wconf 84' lang='lat' dir='ltr'><strong>fidelibus</strong></span> <span class='ocrx_word' id='word_1_83' title='bbox 934 2801 1105 2879; x_wconf 77' lang='lat' dir='ltr'><strong>presentes</strong></span> <span class='ocrx_word' id='word_1_84' title='bbox 1121 2793 1235 2862; x_wconf 86' lang='lat' dir='ltr'><strong>literae</strong></span> <span class='ocrx_word' id='word_1_85' title='bbox 1251 2793 1446 2879; x_wconf 84' lang='lat' dir='ltr'><strong>inspecturis</strong></span> <span class='ocrx_word' id='word_1_86' title='bbox 1561 2783 1562 2807; x_wconf 28' lang='lat' dir='ltr'><strong>i</strong></span> 
     </span>
    </p>
   </div>
   <div class='ocr_carea' id='block_1_9' title="bbox 325 2900 1446 2987">
    <p class='ocr_par' dir='ltr' id='par_1_9' title="bbox 325 2900 1446 2987">
     <span class='ocr_line' id='line_1_15' title="bbox 325 2900 1446 2987; baseline -0.004 -17"><span class='ocrx_word' id='word_1_87' title='bbox 325 2903 508 2987; x_wconf 77' lang='lat' dir='ltr'><strong>Capitulum</strong></span> <span class='ocrx_word' id='word_1_88' title='bbox 536 2903 684 2971; x_wconf 80' lang='lat' dir='ltr'><strong>Ecclesie</strong></span> <span class='ocrx_word' id='word_1_89' title='bbox 708 2900 918 2971; x_wconf 84' lang='lat' dir='ltr'><strong>Posoniensis</strong></span> <span class='ocrx_word' id='word_1_90' title='bbox 944 2903 1081 2971; x_wconf 88' lang='lat' dir='ltr'><strong>salutem</strong></span> <span class='ocrx_word' id='word_1_91' title='bbox 1107 2901 1141 2969; x_wconf 93' lang='lat' dir='ltr'><strong>in</strong></span> <span class='ocrx_word' id='word_1_92' title='bbox 1169 2901 1286 2970; x_wconf 85' lang='lat' dir='ltr'><strong>salotis</strong></span> <span class='ocrx_word' id='word_1_93' title='bbox 1304 2909 1446 2968; x_wconf 88' lang='lat' dir='ltr'><strong>anctore.</strong></span> 
     </span>
    </p>
   </div>
   <div class='ocr_carea' id='block_1_10' title="bbox 324 3009 1561 3100">
    <p class='ocr_par' dir='ltr' id='par_1_10' title="bbox 324 3009 1561 3100">
     <span class='ocr_line' id='line_1_16' title="bbox 324 3009 1561 3100; baseline -0.002 -24"><span class='ocrx_word' id='word_1_94' title='bbox 324 3009 376 3076; x_wconf 89' lang='lat' dir='ltr'><strong>Ad</strong></span> <span class='ocrx_word' id='word_1_95' title='bbox 396 3010 621 3079; x_wconf 78' lang='lat' dir='ltr'><strong>uniuersorum</strong></span> <span class='ocrx_word' id='word_1_96' title='bbox 638 3010 792 3078; x_wconf 85' lang='lat' dir='ltr'><strong>noticiam</strong></span> <span class='ocrx_word' id='word_1_97' title='bbox 810 3019 923 3079; x_wconf 89' lang='lat' dir='ltr'><strong>tenore</strong></span> <span class='ocrx_word' id='word_1_98' title='bbox 948 3013 1154 3100; x_wconf 87' lang='lat' dir='ltr'><strong>presencium</strong></span> <span class='ocrx_word' id='word_1_99' title='bbox 1171 3012 1319 3079; x_wconf 87' lang='lat' dir='ltr'><strong>nolumus</strong></span> <span class='ocrx_word' id='word_1_100' title='bbox 1335 3027 1445 3096; x_wconf 87' lang='lat' dir='ltr'><strong>perue-</strong></span> <span class='ocrx_word' id='word_1_101' title='bbox 1560 3029 1561 3046; x_wconf 54' lang='lat'><em>÷</em></span> 
     </span>
    </p>
   </div>
   <div class='ocr_carea' id='block_1_11' title="bbox 325 3116 1447 3208">
    <p class='ocr_par' dir='ltr' id='par_1_11' title="bbox 325 3116 1447 3208">
     <span class='ocr_line' id='line_1_17' title="bbox 325 3116 1447 3208; baseline 0.002 -28"><span class='ocrx_word' id='word_1_102' title='bbox 325 3116 406 3201; x_wconf 88' lang='lat' dir='ltr'><strong>nire,</strong></span> <span class='ocrx_word' id='word_1_103' title='bbox 424 3117 513 3204; x_wconf 86' lang='lat' dir='ltr'><strong>qnod</strong></span> <span class='ocrx_word' id='word_1_104' title='bbox 530 3119 699 3188; x_wconf 88' lang='lat' dir='ltr'><strong>constituti</strong></span> <span class='ocrx_word' id='word_1_105' title='bbox 715 3141 823 3188; x_wconf 88' lang='lat' dir='ltr'><strong>coram</strong></span> <span class='ocrx_word' id='word_1_106' title='bbox 841 3121 936 3189; x_wconf 87' lang='lat' dir='ltr'><strong>nobie</strong></span> <span class='ocrx_word' id='word_1_107' title='bbox 948 3122 1165 3208; x_wconf 88' lang='lat' dir='ltr'><strong>personaliter</strong></span> <span class='ocrx_word' id='word_1_108' title='bbox 1180 3119 1347 3187; x_wconf 77' lang='lat' dir='ltr'><strong>&#39;Polneeus</strong></span> <span class='ocrx_word' id='word_1_109' title='bbox 1366 3118 1447 3185; x_wconf 90' lang='lat' dir='ltr'><strong>lilios</strong></span> 
     </span>
    </p>
   </div>
   <div class='ocr_carea' id='block_1_12' title="bbox 324 3223 1560 3316">
    <p class='ocr_par' dir='ltr' id='par_1_12' title="bbox 324 3223 1560 3316">
     <span class='ocr_line' id='line_1_18' title="bbox 324 3223 1560 3316; baseline 0.007 -28"><span class='ocrx_word' id='word_1_110' title='bbox 324 3223 441 3312; x_wconf 80' lang='lat' dir='ltr'><strong>Tecos,</strong></span> <span class='ocrx_word' id='word_1_111' title='bbox 468 3235 501 3293; x_wconf 91' lang='lat' dir='ltr'><strong>et</strong></span> <span class='ocrx_word' id='word_1_112' title='bbox 516 3227 585 3296; x_wconf 88' lang='lat' dir='ltr'><strong>lilia</strong></span> <span class='ocrx_word' id='word_1_113' title='bbox 614 3229 762 3297; x_wconf 87' lang='lat' dir='ltr'><strong>eiusdem</strong></span> <span class='ocrx_word' id='word_1_114' title='bbox 788 3229 934 3314; x_wconf 82' lang='lat' dir='ltr'><strong>Agloneh</strong></span> <span class='ocrx_word' id='word_1_115' title='bbox 960 3231 1099 3316; x_wconf 88' lang='lat' dir='ltr'><strong>nomine,</strong></span> <span class='ocrx_word' id='word_1_116' title='bbox 1124 3231 1240 3298; x_wconf 86' lang='lat' dir='ltr'><strong>relicta</strong></span> <span class='ocrx_word' id='word_1_117' title='bbox 1265 3226 1446 3295; x_wconf 77' lang='lat' dir='ltr'><strong>Alexandri</strong></span> <span class='ocrx_word' id='word_1_118' title='bbox 1559 3223 1560 3297; x_wconf 85' lang='lat' dir='ltr'><strong>l</strong></span> 
     </span>
    </p>
   </div>
   <div class='ocr_carea' id='block_1_13' title="bbox 325 3335 1446 3424">
    <p class='ocr_par' dir='ltr' id='par_1_13' title="bbox 325 3335 1446 3424">
     <span class='ocr_line' id='line_1_19' title="bbox 325 3335 1446 3424; baseline -0.004 -22"><span class='ocrx_word' id='word_1_119' title='bbox 325 3335 387 3422; x_wconf 83' lang='lat' dir='ltr'><strong>filij</strong></span> <span class='ocrx_word' id='word_1_120' title='bbox 414 3335 506 3404; x_wconf 84' lang='lat' dir='ltr'><strong>Sauli</strong></span> <span class='ocrx_word' id='word_1_121' title='bbox 533 3338 574 3405; x_wconf 91' lang='lat' dir='ltr'><strong>de</strong></span> <span class='ocrx_word' id='word_1_122' title='bbox 591 3339 729 3422; x_wconf 75' lang='lat' dir='ltr'><strong>Concha,</strong></span> <span class='ocrx_word' id='word_1_123' title='bbox 756 3359 827 3406; x_wconf 87' lang='lat' dir='ltr'><strong>curn</strong></span> <span class='ocrx_word' id='word_1_124' title='bbox 853 3341 980 3407; x_wconf 88' lang='lat' dir='ltr'><strong>duabus</strong></span> <span class='ocrx_word' id='word_1_125' title='bbox 1006 3339 1214 3424; x_wconf 88' lang='lat' dir='ltr'><strong>paronncnlis</strong></span> <span class='ocrx_word' id='word_1_126' title='bbox 1230 3337 1365 3404; x_wconf 86' lang='lat' dir='ltr'><strong>filiabus</strong></span> <span class='ocrx_word' id='word_1_127' title='bbox 1381 3335 1446 3402; x_wconf 88' lang='lat' dir='ltr'><strong>sois</strong></span> 
     </span>
    </p>
   </div>
   <div class='ocr_carea' id='block_1_14' title="bbox 327 3442 1559 3541">
    <p class='ocr_par' dir='ltr' id='par_1_14' title="bbox 327 3442 1559 3541">
     <span class='ocr_line' id='line_1_20' title="bbox 327 3442 1559 3541; baseline 0.002 -33"><span class='ocrx_word' id='word_1_128' title='bbox 327 3443 477 3512; x_wconf 79' lang='lat' dir='ltr'><strong>Elisabet</strong></span> <span class='ocrx_word' id='word_1_129' title='bbox 500 3453 532 3513; x_wconf 93' lang='lat' dir='ltr'><strong>et</strong></span> <span class='ocrx_word' id='word_1_130' title='bbox 548 3449 737 3534; x_wconf 82' lang='lat' dir='ltr'><strong>Margareta</strong></span> <span class='ocrx_word' id='word_1_131' title='bbox 752 3450 879 3518; x_wconf 88' lang='lat' dir='ltr'><strong>uocatis</strong></span> <span class='ocrx_word' id='word_1_132' title='bbox 896 3449 938 3517; x_wconf 86' lang='lat' dir='ltr'><strong>ab</strong></span> <span class='ocrx_word' id='word_1_133' title='bbox 955 3455 1148 3534; x_wconf 81' lang='lat' dir='ltr'><strong>cooperte,</strong></span> <span class='ocrx_word' id='word_1_134' title='bbox 1166 3455 1198 3513; x_wconf 89' lang='lat' dir='ltr'><strong>et</strong></span> <span class='ocrx_word' id='word_1_135' title='bbox 1214 3445 1393 3514; x_wconf 89' lang='lat' dir='ltr'><strong>Ladislans</strong></span> <span class='ocrx_word' id='word_1_136' title='bbox 1407 3442 1439 3507; x_wconf 87' lang='lat' dir='ltr'><strong>fi·</strong></span> <span class='ocrx_word' id='word_1_137' title='bbox 1558 3509 1559 3541; x_wconf 25' lang='lat'>¹</span> 
     </span>
    </p>
   </div>
   <div class='ocr_carea' id='block_1_15' title="bbox 323 3553 1447 4083">
    <p class='ocr_par' dir='ltr' id='par_1_15' title="bbox 323 3553 1447 4083">
     <span class='ocr_line' id='line_1_21' title="bbox 323 3553 1446 3644; baseline 0.002 -26"><span class='ocrx_word' id='word_1_138' title='bbox 323 3553 387 3620; x_wconf 91' lang='lat' dir='ltr'><strong>lios</strong></span> <span class='ocrx_word' id='word_1_139' title='bbox 405 3553 516 3641; x_wconf 88' lang='lat' dir='ltr'><strong>Sauli,</strong></span> <span class='ocrx_word' id='word_1_140' title='bbox 544 3557 642 3625; x_wconf 84' lang='lat' dir='ltr'><strong>irater</strong></span> <span class='ocrx_word' id='word_1_141' title='bbox 666 3559 806 3643; x_wconf 86' lang='lat' dir='ltr'><strong>predicti</strong></span> <span class='ocrx_word' id='word_1_142' title='bbox 832 3559 1016 3626; x_wconf 84' lang='lat' dir='ltr'><strong>Alexandri</strong></span> <span class='ocrx_word' id='word_1_143' title='bbox 1032 3577 1089 3644; x_wconf 89' lang='lat' dir='ltr'><strong>pro</strong></span> <span class='ocrx_word' id='word_1_144' title='bbox 1106 3577 1143 3624; x_wconf 89' lang='lat' dir='ltr'><strong>se</strong></span> <span class='ocrx_word' id='word_1_145' title='bbox 1160 3563 1192 3625; x_wconf 92' lang='lat' dir='ltr'><strong>et</strong></span> <span class='ocrx_word' id='word_1_146' title='bbox 1207 3577 1267 3642; x_wconf 88' lang='lat' dir='ltr'><strong>pro</strong></span> <span class='ocrx_word' id='word_1_147' title='bbox 1282 3553 1361 3639; x_wconf 87' lang='lat' dir='ltr'><strong>filijs</strong></span> <span class='ocrx_word' id='word_1_148' title='bbox 1380 3553 1446 3622; x_wconf 87' lang='lat' dir='ltr'><strong>sois</strong></span> 
     </span>
     <span class='ocr_line' id='line_1_22' title="bbox 324 3661 1445 3756; baseline 0.004 -26"><span class='ocrx_word' id='word_1_149' title='bbox 324 3661 463 3730; x_wconf 81' lang='lat' dir='ltr'><strong>Ohelleo</strong></span> <span class='ocrx_word' id='word_1_150' title='bbox 485 3673 526 3756; x_wconf 74' lang='lat' dir='ltr'><strong>⁸et</strong></span> <span class='ocrx_word' id='word_1_151' title='bbox 550 3668 702 3738; x_wconf 90' lang='lat' dir='ltr'><strong>Johanne</strong></span> <span class='ocrx_word' id='word_1_152' title='bbox 727 3669 769 3737; x_wconf 90' lang='lat' dir='ltr'><strong>ab</strong></span> <span class='ocrx_word' id='word_1_153' title='bbox 797 3670 922 3754; x_wconf 87' lang='lat' dir='ltr'><strong>altera,</strong></span> <span class='ocrx_word' id='word_1_154' title='bbox 955 3676 1031 3736; x_wconf 92' lang='lat' dir='ltr'><strong>sunt</strong></span> <span class='ocrx_word' id='word_1_155' title='bbox 1064 3669 1205 3737; x_wconf 82' lang='lat' dir='ltr'><strong>confessi</strong></span> <span class='ocrx_word' id='word_1_156' title='bbox 1241 3671 1320 3736; x_wconf 88' lang='lat' dir='ltr'><strong>uiua</strong></span> <span class='ocrx_word' id='word_1_157' title='bbox 1355 3687 1445 3750; x_wconf 91' lang='lat' dir='ltr'><strong>uoce,</strong></span> 
     </span>
     <span class='ocr_line' id='line_1_23' title="bbox 323 3769 1447 3865; baseline 0.007 -30"><span class='ocrx_word' id='word_1_158' title='bbox 323 3769 409 3853; x_wconf 86' lang='lat' dir='ltr'><strong>quod</strong></span> <span class='ocrx_word' id='word_1_159' title='bbox 436 3773 512 3840; x_wconf 92' lang='lat' dir='ltr'><strong>lieet</strong></span> <span class='ocrx_word' id='word_1_160' title='bbox 536 3783 627 3846; x_wconf 90' lang='lat' dir='ltr'><strong>mota</strong></span> <span class='ocrx_word' id='word_1_161' title='bbox 651 3777 750 3844; x_wconf 83' lang='lat' dir='ltr'><strong>fuerit</strong></span> <span class='ocrx_word' id='word_1_162' title='bbox 776 3779 915 3846; x_wconf 89' lang='lat' dir='ltr'><strong>materia</strong></span> <span class='ocrx_word' id='word_1_163' title='bbox 943 3779 1122 3865; x_wconf 87' lang='lat' dir='ltr'><strong>questionis</strong></span> <span class='ocrx_word' id='word_1_164' title='bbox 1138 3779 1222 3846; x_wconf 91' lang='lat' dir='ltr'><strong>inter</strong></span> <span class='ocrx_word' id='word_1_165' title='bbox 1238 3779 1330 3865; x_wconf 90' lang='lat' dir='ltr'><strong>ipsos</strong></span> <span class='ocrx_word' id='word_1_166' title='bbox 1346 3797 1447 3863; x_wconf 89' lang='lat' dir='ltr'><strong>snper</strong></span> 
     </span>
     <span class='ocr_line' id='line_1_24' title="bbox 323 3877 1443 3976; baseline 0.009 -33"><span class='ocrx_word' id='word_1_167' title='bbox 323 3877 400 3946; x_wconf 90' lang='lat' dir='ltr'><strong>dote</strong></span> <span class='ocrx_word' id='word_1_168' title='bbox 425 3891 457 3948; x_wconf 87' lang='lat' dir='ltr'><strong>et</strong></span> <span class='ocrx_word' id='word_1_169' title='bbox 481 3883 580 3952; x_wconf 87' lang='lat' dir='ltr'><strong>rebus</strong></span> <span class='ocrx_word' id='word_1_170' title='bbox 605 3885 872 3974; x_wconf 88' lang='lat' dir='ltr'><strong>paralarnalibus</strong></span> <span class='ocrx_word' id='word_1_171' title='bbox 898 3887 1045 3976; x_wconf 90' lang='lat' dir='ltr'><strong>predicte</strong></span> <span class='ocrx_word' id='word_1_172' title='bbox 1061 3889 1190 3956; x_wconf 90' lang='lat' dir='ltr'><strong>domine</strong></span> <span class='ocrx_word' id='word_1_173' title='bbox 1215 3888 1378 3970; x_wconf 83' lang='lat' dir='ltr'><strong>Aglenoh,</strong></span> <span class='ocrx_word' id='word_1_174' title='bbox 1411 3895 1443 3954; x_wconf 89' lang='lat' dir='ltr'><strong>et</strong></span> 
     </span>
     <span class='ocr_line' id='line_1_25' title="bbox 323 3995 1443 4083; baseline 0.011 -30"><span class='ocrx_word' id='word_1_175' title='bbox 323 3998 441 4069; x_wconf 86' lang='lat' dir='ltr'><strong>quartu</strong></span> <span class='ocrx_word' id='word_1_176' title='bbox 467 4000 560 4077; x_wconf 86' lang='lat' dir='ltr'><strong>parte</strong></span> <span class='ocrx_word' id='word_1_177' title='bbox 586 4001 796 4079; x_wconf 86' lang='lat' dir='ltr'><strong>paternarum</strong></span> <span class='ocrx_word' id='word_1_178' title='bbox 815 3999 1059 4082; x_wconf 84' lang='lat' dir='ltr'><strong>possessionum</strong></span> <span class='ocrx_word' id='word_1_179' title='bbox 1075 3997 1240 4083; x_wconf 85' lang='lat' dir='ltr'><strong>predictas</strong></span> <span class='ocrx_word' id='word_1_180' title='bbox 1257 3995 1344 4066; x_wconf 90' lang='lat' dir='ltr'><strong>filias</strong></span> <span class='ocrx_word' id='word_1_181' title='bbox 1362 3997 1443 4065; x_wconf 90' lang='lat' dir='ltr'><strong>eius-</strong></span> 
     </span>
    </p>
   </div>
   <div class='ocr_carea' id='block_1_16' title="bbox 322 4095 1556 4193">
    <p class='ocr_par' dir='ltr' id='par_1_16' title="bbox 322 4095 1556 4193">
     <span class='ocr_line' id='line_1_26' title="bbox 322 4095 1556 4193; baseline 0.009 -31"><span class='ocrx_word' id='word_1_182' title='bbox 322 4095 394 4164; x_wconf 93' lang='lat' dir='ltr'><strong>dem</strong></span> <span class='ocrx_word' id='word_1_183' title='bbox 412 4099 541 4170; x_wconf 89' lang='lat' dir='ltr'><strong>domine</strong></span> <span class='ocrx_word' id='word_1_184' title='bbox 558 4105 788 4190; x_wconf 70' lang='lat' dir='ltr'><strong>orontingente,</strong></span> <span class='ocrx_word' id='word_1_185' title='bbox 814 4107 926 4190; x_wconf 86' lang='lat' dir='ltr'><strong>sicque</strong></span> <span class='ocrx_word' id='word_1_186' title='bbox 952 4107 1007 4173; x_wconf 90' lang='lat' dir='ltr'><strong>dio</strong></span> <span class='ocrx_word' id='word_1_187' title='bbox 1025 4106 1140 4176; x_wconf 88' lang='lat' dir='ltr'><strong>ordine</strong></span> <span class='ocrx_word' id='word_1_188' title='bbox 1152 4105 1333 4193; x_wconf 90' lang='lat' dir='ltr'><strong>judiciario</strong></span> <span class='ocrx_word' id='word_1_189' title='bbox 1350 4109 1445 4174; x_wconf 88' lang='lat' dir='ltr'><strong>alter·</strong></span> <span class='ocrx_word' id='word_1_190' title='bbox 1555 4141 1556 4144; x_wconf 35' lang='lat'>¹</span> 
     </span>
    </p>
   </div>
   <div class='ocr_carea' id='block_1_17' title="bbox 322 4205 1444 4302">
    <p class='ocr_par' dir='ltr' id='par_1_17' title="bbox 322 4205 1444 4302">
     <span class='ocr_line' id='line_1_27' title="bbox 322 4205 1444 4302; baseline 0.009 -28"><span class='ocrx_word' id='word_1_191' title='bbox 322 4207 389 4274; x_wconf 90' lang='lat' dir='ltr'><strong>cati</strong></span> <span class='ocrx_word' id='word_1_192' title='bbox 407 4205 563 4297; x_wconf 86' lang='lat' dir='ltr'><strong>fuissent,</strong></span> <span class='ocrx_word' id='word_1_193' title='bbox 592 4215 725 4282; x_wconf 90' lang='lat' dir='ltr'><strong>tandem</strong></span> <span class='ocrx_word' id='word_1_194' title='bbox 752 4215 794 4282; x_wconf 90' lang='lat' dir='ltr'><strong>ad</strong></span> <span class='ocrx_word' id='word_1_195' title='bbox 820 4217 965 4282; x_wconf 89' lang='lat' dir='ltr'><strong>ultimum</strong></span> <span class='ocrx_word' id='word_1_196' title='bbox 997 4217 1218 4284; x_wconf 85' lang='lat' dir='ltr'><strong>mediantibus</strong></span> <span class='ocrx_word' id='word_1_197' title='bbox 1234 4217 1347 4302; x_wconf 89' lang='lat' dir='ltr'><strong>probis</strong></span> <span class='ocrx_word' id='word_1_198' title='bbox 1367 4217 1444 4284; x_wconf 85' lang='lat' dir='ltr'><strong>viris</strong></span> 
     </span>
    </p>
   </div>
   <div class='ocr_carea' id='block_1_18' title="bbox 321 4311 1555 4410">
    <p class='ocr_par' dir='ltr' id='par_1_18' title="bbox 321 4311 1555 4410">
     <span class='ocr_line' id='line_1_28' title="bbox 321 4311 1555 4410; baseline 0.01 -29"><span class='ocrx_word' id='word_1_199' title='bbox 321 4311 431 4383; x_wconf 88' lang='lat' dir='ltr'><strong>taliter</strong></span> <span class='ocrx_word' id='word_1_200' title='bbox 458 4319 736 4401; x_wconf 86' lang='lat' dir='ltr'><strong>concordassent,</strong></span> <span class='ocrx_word' id='word_1_201' title='bbox 764 4325 851 4408; x_wconf 90' lang='lat' dir='ltr'><strong>quod</strong></span> <span class='ocrx_word' id='word_1_202' title='bbox 872 4325 956 4391; x_wconf 90' lang='lat' dir='ltr'><strong>idem</strong></span> <span class='ocrx_word' id='word_1_203' title='bbox 975 4323 1152 4392; x_wconf 82' lang='lat' dir='ltr'><strong>Ladislans</strong></span> <span class='ocrx_word' id='word_1_204' title='bbox 1167 4344 1225 4410; x_wconf 90' lang='lat' dir='ltr'><strong>pro</strong></span> <span class='ocrx_word' id='word_1_205' title='bbox 1242 4325 1320 4392; x_wconf 91' lang='lat' dir='ltr'><strong>dote</strong></span> <span class='ocrx_word' id='word_1_206' title='bbox 1337 4331 1370 4392; x_wconf 91' lang='lat' dir='ltr'><strong>et</strong></span> <span class='ocrx_word' id='word_1_207' title='bbox 1385 4325 1441 4394; x_wconf 92' lang='lat' dir='ltr'><strong>do·</strong></span> <span class='ocrx_word' id='word_1_208' title='bbox 1554 4337 1555 4372; x_wconf 69' lang='lat'>³</span> 
     </span>
    </p>
   </div>
   <div class='ocr_carea' id='block_1_19' title="bbox 320 4425 1442 4737">
    <p class='ocr_par' dir='ltr' id='par_1_19' title="bbox 320 4425 1442 4737">
     <span class='ocr_line' id='line_1_29' title="bbox 320 4425 1442 4520; baseline 0.009 -28"><span class='ocrx_word' id='word_1_209' title='bbox 320 4425 443 4510; x_wconf 85' lang='lat' dir='ltr'><strong>talioijs</strong></span> <span class='ocrx_word' id='word_1_210' title='bbox 468 4447 508 4493; x_wconf 89' lang='lat' dir='ltr'><strong>ae</strong></span> <span class='ocrx_word' id='word_1_211' title='bbox 534 4430 630 4496; x_wconf 86' lang='lat' dir='ltr'><strong>rebus</strong></span> <span class='ocrx_word' id='word_1_212' title='bbox 657 4433 926 4517; x_wconf 84' lang='lat' dir='ltr'><strong>paralarnalibus</strong></span> <span class='ocrx_word' id='word_1_213' title='bbox 952 4433 1097 4520; x_wconf 86' lang='lat' dir='ltr'><strong>predicte</strong></span> <span class='ocrx_word' id='word_1_214' title='bbox 1114 4433 1254 4519; x_wconf 86' lang='lat' dir='ltr'><strong>domine,</strong></span> <span class='ocrx_word' id='word_1_215' title='bbox 1273 4441 1307 4501; x_wconf 90' lang='lat' dir='ltr'><strong>et</strong></span> <span class='ocrx_word' id='word_1_216' title='bbox 1322 4441 1442 4517; x_wconf 87' lang='lat' dir='ltr'><strong>quarta</strong></span> 
     </span>
     <span class='ocr_line' id='line_1_30' title="bbox 321 4533 1439 4628; baseline 0.009 -30"><span class='ocrx_word' id='word_1_217' title='bbox 321 4541 416 4616; x_wconf 88' lang='lat' dir='ltr'><strong>parte</strong></span> <span class='ocrx_word' id='word_1_218' title='bbox 431 4533 569 4602; x_wconf 87' lang='lat' dir='ltr'><strong>tiliarum</strong></span> <span class='ocrx_word' id='word_1_219' title='bbox 581 4535 735 4622; x_wconf 89' lang='lat' dir='ltr'><strong>eiusdem,</strong></span> <span class='ocrx_word' id='word_1_220' title='bbox 753 4541 886 4608; x_wconf 87' lang='lat' dir='ltr'><strong>deberet.</strong></span> <span class='ocrx_word' id='word_1_221' title='bbox 902 4543 1031 4609; x_wconf 90' lang='lat' dir='ltr'><strong>soluere</strong></span> <span class='ocrx_word' id='word_1_222' title='bbox 1047 4561 1255 4624; x_wconf 78' lang='lat' dir='ltr'><strong>sesmarcas,</strong></span> <span class='ocrx_word' id='word_1_223' title='bbox 1275 4563 1355 4626; x_wconf 89' lang='lat' dir='ltr'><strong>quas</strong></span> <span class='ocrx_word' id='word_1_224' title='bbox 1369 4543 1439 4628; x_wconf 84' lang='lat' dir='ltr'><strong>qni-</strong></span> 
     </span>
     <span class='ocr_line' id='line_1_31' title="bbox 322 4642 1441 4737; baseline 0.011 -32"><span class='ocrx_word' id='word_1_225' title='bbox 322 4642 394 4705; x_wconf 93' lang='lat' dir='ltr'><strong>dem</strong></span> <span class='ocrx_word' id='word_1_226' title='bbox 410 4659 469 4708; x_wconf 82' lang='lat' dir='ltr'><strong>sex</strong></span> <span class='ocrx_word' id='word_1_227' title='bbox 483 4663 610 4712; x_wconf 76' lang='lat' dir='ltr'><strong>marcas</strong></span> <span class='ocrx_word' id='word_1_228' title='bbox 627 4647 726 4730; x_wconf 89' lang='lat' dir='ltr'><strong>ijdem</strong></span> <span class='ocrx_word' id='word_1_229' title='bbox 742 4649 902 4717; x_wconf 80' lang='lat' dir='ltr'><strong>Tolneeos</strong></span> <span class='ocrx_word' id='word_1_230' title='bbox 919 4659 951 4716; x_wconf 88' lang='lat' dir='ltr'><strong>et</strong></span> <span class='ocrx_word' id='word_1_231' title='bbox 967 4651 1102 4726; x_wconf 84' lang='lat' dir='ltr'><strong>domina</strong></span> <span class='ocrx_word' id='word_1_232' title='bbox 1118 4652 1266 4737; x_wconf 84' lang='lat' dir='ltr'><strong>Agleneh</strong></span> <span class='ocrx_word' id='word_1_233' title='bbox 1283 4653 1350 4719; x_wconf 80' lang='lat' dir='ltr'><strong>filia</strong></span> <span class='ocrx_word' id='word_1_234' title='bbox 1380 4671 1441 4718; x_wconf 83' lang='lat' dir='ltr'><strong>sua</strong></span> 
     </span>
    </p>
   </div>
   <div class='ocr_carea' id='block_1_20' title="bbox 0 0 1582 5166">
    <p class='ocr_par' dir='ltr' id='par_1_20' title="bbox 0 0 1582 5166">
     <span class='ocr_line' id='line_1_32' title="bbox 0 0 1582 5166; baseline 0 3"><span class='ocrx_word' id='word_1_235' title='bbox 0 0 1582 5166; x_wconf 95' lang='lat' dir='ltr'><strong> </strong></span> 
     </span>
    </p>
   </div>
  </div>
 </body>
</html>
