3116 5166
808 321 969 422 --Q-

321 545 361 592 ac
386 523 543 607 Polonio,
560 521 729 592 Dalmatio
745 571 754 606 ,
781 520 932 604 croatie,
949 521 1054 590 Reme
1063 568 1072 604 ,
1088 517 1225 601 Servio,
1240 519 1454 609 bodomarie,

322 631 444 700 Galitio
469 637 502 698 et
527 629 688 698 Cumanio
714 637 847 714 partos,
875 628 934 695 tibi
962 628 1138 698 commisso
1153 627 1234 696 inibi
1249 627 1456 715 plonelcga·

321 741 421 809 tionis
438 738 568 820 officio,
595 757 654 824 pro
670 735 862 822 urgentibus
878 743 910 804 et
926 737 1041 805 arduis
1058 735 1201 822 negotiis
1227 735 1453 822 destinemus,

321 849 416 917 utin
444 845 628 916 commissis
655 847 715 913 tibi
742 846 884 930 negotiis
912 866 951 913 eo
979 847 1086 932 possis
1103 848 1293 933 prosperari
1309 845 1453 932 facilius,

323 977 389 1042 quo
405 954 521 1024 maiori
536 975 596 1044 por
611 975 672 1022 nos
689 953 792 1021 iuoris
808 955 1003 1022 auctoritate
1018 955 1171 1038 munitus,
1187 953 1387 1022 fraternitati
1398 963 1453 1023 tue

322 1062 543 1152 compellendi
559 1061 724 1146 quoslibet
740 1063 903 1148 Prolatos,
920 1062 1155 1146 cuiuscumque
1169 1063 1385 1148 preminentis
1398 1064 1451 1130 vel

322 1171 492 1258 dignitatis
519 1171 706 1254 extiterint,
731 1189 794 1237 nec
821 1191 894 1239 non
912 1171 1082 1256 regulares
1109 1167 1357 1253 cistersienses,
1375 1172 1452 1238 Pre-

323 1286 593 1364 monstratenses,
611 1279 847 1347 Cluniacenses
869 1285 902 1346 et
920 1280 1059 1346 aliorum
1076 1278 1247 1365 ordinum,
1272 1279 1451 1366 Magistros

324 1409 475 1474 quoque,
500 1389 632 1458 Priores
659 1395 692 1455 et
719 1387 838 1456 fratres
865 1389 979 1456 Sancti
1003 1387 1167 1454 lobannis
1183 1389 1451 1464 ierosolimitani,

327 1495 446 1564 Militia
471 1495 602 1582 Templi
628 1503 660 1562 et
685 1495 825 1565 aliorum
851 1515 1125 1583 quorumcumque
1142 1497 1363 1583 Hospitalium
1380 1497 1449 1565 sivo

327 1605 517 1687 domomm,
546 1611 579 1670 et
603 1605 689 1674 alias
715 1605 960 1674 ecclesiasticas
985 1623 1144 1692 personas
1159 1605 1399 1673 cathedralium
1416 1611 1448 1673 et

325 1712 468 1782 aliarum
485 1713 697 1782 ecclesiarum
715 1715 786 1780 sive
803 1715 1075 1782 monasteriorum
1092 1723 1316 1802 exemplorum
1335 1721 1368 1781 et
1384 1735 1446 1780 non

326 1826 562 1906 exemplorum,
579 1841 826 1907 percensuram
844 1823 1103 1892 ecelesiasticam
1114 1823 1159 1892 ad
1176 1821 1446 1892 contribuendum

325 1929 358 1996 in
383 1929 668 2015 procurationibus
694 1931 754 1996 tibi
779 1929 907 2014 debitis,
925 1951 989 1998 non
1015 1931 1223 2000 obstantibus
1240 1931 1448 2015 quibuscum-

325 2057 389 2124 que
413 2037 597 2126 privilegiis
624 2047 656 2108 ot
685 2041 899 2126 indulgentiis
925 2041 1146 2128 Apostolioio,
1173 2061 1232 2128 per
1258 2061 1323 2126 que
1340 2041 1371 2106 in
1389 2041 1448 2106 bac

326 2155 423 2234 parte
448 2156 584 2232 possent
611 2147 854 2231 quomodolibet
870 2169 907 2217 so
922 2151 1025 2236 tueri,
1052 2157 1085 2216 ot
1109 2149 1151 2217 de
1169 2151 1288 2234 quibus
1303 2171 1447 2235 qnorum-

328 2274 465 2340 oumquo
490 2254 567 2323 totis
593 2257 761 2324 tenoribus
788 2257 830 2326 de
846 2259 948 2327 verbo
965 2259 1007 2325 ad
1024 2259 1159 2325 verbum
1177 2259 1313 2326 deberet
1331 2255 1399 2325 fiori
1414 2257 1446 2323 iu

326 2363 447 2432 nostrie
462 2363 583 2432 litteris
600 2363 720 2432 montio
747 2366 913 2451 specialis,
940 2365 1072 2454 plenam
1097 2367 1294 2434 arrotoritato
1320 2385 1447 2454 prosen-

325 2469 405 2538 tium
433 2472 642 2542 concedimus
668 2479 877 2560 potestatem.
903 2475 1023 2542 Datum
1051 2475 1189 2542 Viterbii
1216 2473 1259 2540 X.
1281 2471 1448 2541 Kalendas
1547 2553 1548 2565 χ

326 2577 490 2666 Octobris,
507 2581 725 2650 Pontificatus
742 2585 845 2651 nostri
864 2603 949 2649 anno
966 2585 1082 2670 primo.

424 2774 1089 2850 (111.llikloopepalaegcstoibol,vuarnerio
1112 2797 1147 2834 m.
1161 2779 1184 2833 1.
1197 2779 1225 2834 a.
1241 2778 1304 2835 oso.
1318 2777 1349 2850 r.)

867 3599 923 3666 8³.

325 3788 385 3876 26)
403 3789 537 3879 Apdpa
554 3791 687 3880 Ftllb'pb't
695 3790 910 3881 seljopoeo'tjo,
929 3795 1008 3885 bopy
1023 3823 1044 3863 a
1060 3801 1276 3889 klioeteepeben
1291 3806 1446 3890 ematosa

733 3900 911 3969 kioitclclcet
927 3903 1051 3973 tolosae.

435 4093 593 4161 Nicolaus
617 4095 801 4184 Espicopus
826 4117 941 4168 seruus
958 4119 1128 4170 seruorum
1153 4105 1235 4186 Dei,
1267 4107 1445 4176 vonerabili

325 4198 420 4265 fratri
446 4201 599 4287 Philippo
624 4203 788 4291 Episcopo
812 4207 969 4277 Firmano
994 4210 1187 4296 Apostolice
1203 4215 1305 4284 Sedis
1323 4218 1445 4302 Legato
1537 4199 1538 4231 ³

326 4306 465 4375 salutern
495 4317 527 4376 et
554 4311 779 4395 Apostolicam
805 4315 1078 4385 benedictionem.
1095 4321 1175 4388 (ium
1193 4330 1225 4388 te
1242 4323 1286 4392 ad
1302 4325 1447 4411 Ungarie
1536 4339 1537 4397 l

325 4431 366 4482 ao
391 4415 549 4504 Polonie,
565 4415 734 4490 Dalmatio
745 4473 754 4507 ,
773 4421 924 4508 Oroatia,
942 4425 1065 4513 Reme,
1081 4428 1215 4513 Servio,
1240 4431 1446 4508 Lodomerie
1535 4467 1536 4476 =

327 4521 453 4592 Galitio
478 4531 511 4592 et
538 4523 698 4598 (lumeuie
726 4538 860 4618 parles,
876 4534 936 4600 tibi
953 4536 1128 4606 commisso
1144 4539 1225 4608 inibi
1240 4543 1341 4628 plene
1358 4543 1447 4627 lega·
1473 4519 1479 4532 ⁸
1535 4479 1536 4565 1

325 4628 426 4705 tionis
455 4631 582 4720 officio,
608 4655 668 4730 pro
687 4639 879 4725 urgentibus
895 4647 928 4710 ot
943 4641 1057 4718 arduis
1078 4649 1221 4732 negotiis
1245 4647 1449 4722 destinemus
