3116 5166
892 257 937 326 80

838 355 1002 371 m

352 473 407 521 ras
433 453 596 539 dupplicis
621 455 722 538 sigilli
748 455 854 524 nostri
880 455 1056 524 munimine
1082 453 1263 524 roboratas.
1282 456 1402 520 Datum
1420 475 1468 540 per
1539 515 1540 556 ἦ

351 583 466 628 manus
484 562 682 629 reiterabilie
698 564 759 629 viri
784 563 934 648 magistri
953 563 1111 630 Demetrii
1127 561 1291 647 Prepositi
1308 562 1467 638 Albensis,

349 669 470 736 domini
487 673 575 756 Pape
593 671 767 756 Capeliani
783 679 816 738 et
843 672 1062 754 Subdiaooni,
1079 673 1154 738 aule
1171 679 1283 737 nostre
1300 670 1466 737 lice-Cau·
1539 741 1540 748 χ

348 778 485 862 eellarij,
501 797 590 844 anno
617 779 747 846 Domini
773 779 945 848 millesimo
971 778 1033 846 00.
1049 779 1293 864 septuagesimo
1322 779 1465 863 septimo,
1539 815 1540 818 ¹

348 886 453 971 Regni
469 894 578 953 autem
596 888 699 954 nostri
716 907 803 955 anuo
819 889 945 972 quinto.

489 1081 611 1152 (Robert
632 1081 744 1154 Karoly
757 1083 853 1155 kirtly
867 1084 959 1138 133tti
973 1081 1149 1156 megerbsitb
1162 1080 1331 1152 levelebb'l.)

814 1901 815 1904 ¹
885 1911 945 1976 lo.

350 2111 371 2174 Ι
376 2110 410 2174 V.
428 2109 541 2174 Lcaalo
554 2109 663 2193 elratp
678 2109 853 2193 meyerlletti
868 2107 1014 2173 mutter
1038 2087 1148 2173 rubere
1165 2111 1326 2194 eadmero,
1354 2109 1460 2172 Teucr-

438 2219 503 2282 oalc
519 2218 600 2282 nevit
614 2216 755 2279 birtolrra
770 2217 943 2280 oonatlcoao
957 2215 1056 2280 elthei
1070 2215 1270 2302 adomdaydt.
1288 2219 1384 2282 1277.

455 2414 628 2482 Ladislaus
654 2413 717 2480 Dei
746 2416 860 2498 gracia
884 2413 1075 2499 Hungarie,
1101 2413 1275 2481 Dalmacie
1287 2465 1296 2500 ,
1327 2413 1460 2495 craecis,

348 2527 469 2609 Ranae,
495 2523 610 2591 Serrie
620 2571 630 2605 ,
658 2521 816 2608 Gallioic,
831 2523 1044 2606 Lodomerie,
1062 2523 1238 2605 Cumanie,
1257 2521 1461 2608 Bulgarieque
1539 2559 1540 2582 ι

349 2635 420 2699 Rex
436 2633 587 2700 omuibus
604 2629 727 2696 Christi
744 2631 893 2698 fidelibus
910 2637 1095 2716 presentem
1105 2631 1259 2716 paginam
1278 2627 1461 2716 inspecturis

348 2743 486 2807 salutem
504 2745 535 2806 in
561 2738 703 2806 omnium
730 2741 908 2806 salvatore.
935 2741 989 2807 Ad
1006 2737 1229 2806 universorum
1247 2741 1397 2805 noticiam
1415 2736 1461 2799 ba·

348 2869 418 2913 rurn
434 2847 520 2914 serie
538 2849 685 2914 volumus
704 2848 900 2932 pervenire:
927 2849 1016 2932 quod
1039 2847 1142 2913 frater
1162 2848 1278 2914 Petrus
1295 2849 1337 2913 de
1352 2845 1461 2912 Ordine
1539 2913 1540 2916 Ἴ

350 2959 484 3024 fratrum
511 2955 766 3040 Predioatorum,
791 2959 832 3023 dc
855 2957 968 3022 insula
983 2959 1086 3022 Beate
1105 2955 1247 3040 Virginis
1271 2955 1315 3021 ad
1330 2961 1461 3021 nostram
1539 2969 1540 2972 ¹

347 3065 509 3134 accedeus
534 3065 762 3149 presenciam,
788 3064 936 3130 exhibuit
960 3065 1055 3130 nobis
1081 3071 1232 3149 patentes
1249 3065 1383 3146 literas,
1408 3061 1460 3124 sub

346 3174 457 3258 sigillo
473 3181 585 3238 nostro
601 3173 735 3238 annuali
752 3175 929 3257 confectas,
945 3179 1059 3259 petens
1076 3192 1149 3237 cum
1165 3173 1337 3255 instantia,
1354 3177 1386 3238 ut
1400 3185 1461 3233 eas·

348 3284 422 3349 deur
434 3289 525 3348 ratas
536 3281 669 3365 habere,
680 3292 713 3346 et
728 3290 839 3348 nostro
855 3280 1065 3367 dignaremur
1080 3277 1254 3366 privilegio
1271 3279 1460 3347 confirmare
1539 3357 1540 3362 ἵ

349 3392 495 3472 Quarum
511 3396 604 3456 tenor
620 3391 698 3456 talis
714 3399 765 3457 ost
781 3415 788 3454 :

455 3497 526 3566 Nos
536 3474 794 3564 Ladislans'Dei
810 3497 926 3584 gracia
942 3501 1013 3565 lter
1028 3495 1196 3583 Hungerie
1214 3497 1278 3562 stb.
1296 3497 1460 3573 (aaronem

349 3633 443 3686 ugyarr
459 3613 508 3668 lv·
525 3613 626 3668 La'tszlt'r
644 3613 736 3684 kiraly
756 3615 814 3668 lat
822 3613 882 3668 t-ki
898 3615 1047 3685 oknrltnya,
1064 3614 1134 3668 mint
1149 3607 1253 3667 ferrebb
1270 3613 1323 3684 37„
1339 3631 1375 3665 su.
1391 3620 1422 3672 a]

455 3716 524 3782 Nos
549 3713 649 3800 igitur
674 3715 831 3799 peticioni
857 3715 1001 3782 eiusdem
1027 3715 1118 3780 Petri
1143 3712 1343 3779 liberalitate
1373 3707 1461 3792 Regia
1539 3711 1540 3748 ῑ

349 3832 543 3907 annuentes,
556 3824 716 3907 'prefatas
733 3825 847 3889 literas
864 3825 905 3890 de
923 3824 1022 3890 verbo
1039 3823 1084 3889 ad
1101 3823 1236 3888 verbum
1252 3825 1401 3905 insertas,
1414 3835 1460 3884 au·
1539 3833 1540 3882 3

350 3931 499 3997 ctoritate
524 3935 725 4016 presencium
753 3932 903 4000 (luximus
934 3931 1176 3998 confirmandas
1188 3981 1197 4014 ,
1214 3931 1359 4015 duplicis
1375 3920 1461 4011 sigilli
1539 3931 1540 3940 ’

350 4041 528 4104 munimine
545 4041 730 4108 roboratas.
742 4041 830 4108 Mete
846 4047 954 4106 autern
971 4041 1076 4125 ipsius
1093 4032 1461 4126 torre,·proutin1iterir

352 4149 497 4233 Capituli
521 4135 695 4235 Budensis,
713 4151 774 4217 sub
801 4169 935 4234 quarum
951 4149 1137 4216 testimonio
1164 4169 1222 4234 per
1240 4147 1409 4214 discretum
1423 4141 1462 4204 vi·

350 4279 418 4324 rum
437 4257 627 4342 magistrum
642 4260 829 4328 Johannem
846 4259 1052 4344 Prepoaitum
1068 4257 1217 4325 Ecclesia
1237 4257 1391 4336 eiusdem,
1406 4269 1461 4316 me-

350 4375 566 4436 memoratam
591 4367 756 4434 dominam
781 4367 954 4435 Elisabeth
981 4386 1127 4434 sororem
1153 4372 1296 4432 nostram
1324 4357 1460 4432 cbarissi-

350 4499 435 4544 mam
452 4479 484 4543 in
508 4479 709 4561 corporalem
730 4477 972 4561 possessionem
992 4474 1078 4541 dicte
1095 4484 1182 4541 terre
1207 4473 1345 4540 fecimus
1374 4473 1461 4536 intro-

350 4586 444 4664 duci,
461 4586 677 4668 continentur,
695 4587 752 4651 boo
768 4583 881 4651 ordine
897 4583 1152 4668 distinguuntur.
1169 4581 1280 4649 Prima
1296 4587 1379 4648 meta
1391 4575 1463 4643 inei-
