3116 5166
117 1147 170 1236 ll)
187 1149 254 1216 111.
271 1143 391 1216 Miluo
400 1153 492 1241 pcipe
516 1149 620 1238 aucep
639 1149 794 1239 pdspbleb't
809 1153 848 1215 ba
864 1149 998 1236 apostoli
1013 1149 1154 1236 amato
1169 1150 1239 1237 alj-

209 1253 211 1256 ’
464 1257 663 1324 butalmdual
677 1255 818 1323 salossa
827 1255 891 1342 fel.

221 1457 380 1528 Nioolaus
407 1455 591 1542 Episcopus
617 1473 731 1524 seruus
756 1474 925 1523 seruorum
959 1454 1022 1522 Dei
1059 1455 1242 1524 venerabili

117 1565 207 1632 tratri
231 1565 385 1653 Philippo
409 1565 578 1651 Episcopo
604 1564 768 1649 Firmano,
786 1563 974 1649 Apostolioe
992 1563 1087 1632 Sedis
1102 1563 1241 1650 Legata

116 1673 255 1742 salutem
282 1682 316 1742 st
339 1674 565 1762 Apostolinam
591 1673 867 1741 benedietionem.
893 1673 1089 1758 Prosperum
1119 1678 1241 1740 statum

116 1783 278 1852 rarissimi
303 1785 338 1851 in
355 1783 484 1852 christo
508 1782 567 1850 lilii
582 1782 686 1851 nostri
711 1833 717 1846 .
745 1831 751 1844 .
777 1831 784 1846 .
810 1783 912 1868 Regis
929 1780 1076 1868 Ungarie
1091 1779 1256 1864 illustris„

113 1891 336 1977 asellorum,
362 1909 576 1978 personarum
602 1891 903 1958 ecclesiastieorum
939 1890 1070 1957 illarum
1101 1889 1241 1974 partium

113 1999 222 2084 plenis
237 1999 412 2069 desideriis
427 1999 624 2068 affeouomes
633 2047 642 2082 ,
658 2005 701 2084 te,
718 1999 761 2067 de
777 2000 869 2068 euius
884 1997 1041 2066 industris
1057 2003 1091 2064 et
1107 1997 1240 2066 eirenm-

112 2106 285 2193 spectione
312 2107 411 2192 plene
436 2105 642 2190 confidimus,
670 2109 713 2175 ad
738 2105 885 2193 Regnum
911 2105 1059 2190 Ungarie
1083 2105 1143 2172 tibi
1159 2126 1242 2172 eom·

111 2215 215 2283 misso
231 2213 324 2298 inibi,
341 2221 374 2281 et
388 2215 534 2298 Polouie,
551 2213 729 2298 Dalmatio,
744 2216 885 2292 Oroatia,
903 2215 1014 2294 Reme,
1042 2212 1163 2294 Servio,
1180 2211 1243 2280 Lo·

112 2322 284 2410 demeris,
310 2322 439 2393 (iuliuie
464 2328 497 2390 et
511 2322 671 2390 (inmanis
696 2322 856 2408 partibus,
872 2323 968 2409 plene
984 2320 1158 2406 legationis
1175 2319 1244 2388 olfi-

113 2432 185 2516 oio,
211 2437 380 2514 tamquam
405 2431 500 2518 pacis
516 2431 672 2515 angelum
689 2431 731 2498 de
747 2431 885 2497 fratrum
901 2438 1088 2499 nostrorum
1105 2423 1244 2499 tonsilio

112 2537 267 2608 duximus
293 2539 538 2626 destinandum,
564 2539 760 2625 quamplura
776 2539 837 2606 tibi
853 2539 1082 2608 niebilominus
1097 2558 1156 2624 per
1171 2560 1244 2627 spe·

113 2649 220 2716 oiales
246 2648 461 2735 Apostolieas
486 2649 616 2716 litteras
641 2645 861 2717 eoneedendo.
889 2648 1048 2715 volentes
1074 2647 1191 2732 igitur,
1210 2655 1245 2715 ut

109 2757 269 2842 premissi
295 2756 394 2826 oflioii
412 2759 560 2825 exooutio
577 2757 620 2824 sit
636 2756 695 2824 tibi
711 2756 826 2840 libera,
845 2762 878 2822 et
894 2757 1051 2825 submotis
1067 2753 1243 2826 dilfioulta·

109 2865 204 2954 tibus
229 2885 271 2933 ae
296 2864 541 2953 impedimentis
565 2865 763 2949 quibuslibet
780 2864 936 2950 expedita
947 2915 955 2948 ,
973 2871 1087 2933 tenore
1102 2883 1243 2952 presen-

108 2973 195 3040 tium
205 2971 425 3060 declaramus,
446 2974 533 3058 quod
549 2979 659 3042 nostre
675 2974 867 3043 intentionis
877 2981 910 3042 et
927 2975 1104 3042 voluntatis
1121 2975 1244 3057 existit,

108 3080 204 3166 quod
219 3101 281 3168 per
297 3081 458 3168 predicta,
468 3102 531 3166 que
542 3083 601 3150 tibi
617 3083 894 3168 speeialiter·sunt
908 3085 1094 3169 summissa,
1106 3081 1246 3165 hiisque

106 3189 171 3258 tibi
200 3189 330 3258 ratione
355 3189 533 3272 legationis
559 3197 767 3276 competunt,
794 3191 827 3258 in
845 3192 933 3258 nullo
959 3191 1091 3276 penitus
1107 3189 1244 3275 deroga·

104 3307 184 3383 tnr;
206 3296 266 3365 sed
282 3296 433 3367 volumus
443 3345 453 3382 ‚
480 3297 571 3383 quod
587 3298 649 3366 boe
663 3319 728 3364 mon
745 3299 896 3367 obstante
912 3299 972 3364 illa
987 3296 1135 3385 plenarie
1152 3317 1192 3364 an
1209 3298 1245 3365 li-

102 3405 191 3474 bere
213 3409 396 3489 exequaris.
413 3405 534 3474 Datum
555 3405 693 3474 viterbii
708 3405 750 3474 X.
767 3405 941 3478 Kalendas
958 3405 1120 3492 Oetobris,
1136 3406 1246 3476 Ponti-

102 3515 239 3583 beatus
255 3515 360 3582 nostri
376 3535 465 3584 anno
486 3516 604 3603 primo.

217 3707 281 3780 (ill.
294 3708 402 3770 liilslds
416 3708 494 3784 pipa
506 3708 707 3786 Repentiibdl,
720 3710 850 3771 Tbeiner
862 3711 900 3769 id.
914 3728 950 3768 m.
963 3711 985 3768 1.
998 3708 1026 3768 lr.
1039 3711 1102 3768 aab.
1114 3710 1147 3784 l.)
