3156 5158
659 999 720 1066 30.

122 1215 161 1279 X.
179 1213 314 1302 Gerpelp
321 1217 413 1302 pdpo
430 1215 549 1283 delita-c
567 1217 743 1302 mesterbcz,
761 1217 869 1305 boppo
884 1228 966 1284 accat
976 1218 1055 1306 fote
1070 1193 1248 1306 ecpttedpdre

122 1324 816 1414 Mopyarorszdpbuaoacppbctaa‘jiiuedclmolc
827 1327 1006 1394 tizedrdsze't
1020 1327 1131 1414 saedjo.
1150 1328 1247 1394 1275.

232 1539 410 1626 Gregorius
435 1542 621 1630 Episcopus
649 1563 764 1612 servus
781 1562 948 1614 servorum
965 1545 1027 1612 Dei
1043 1544 1164 1612 dilecto
1181 1544 1248 1612 lilio

122 1652 282 1737 Magistro
298 1649 449 1720 Gerardo
475 1653 681 1723 Subdiaeono
698 1661 732 1721 et
748 1653 908 1741 Scriptori
934 1661 1048 1723 nostro
1065 1651 1248 1736 (collectori

122 1759 323 1829 decimarum
340 1761 372 1828 in
389 1759 551 1848 Ungaria)
572 1763 714 1830 salutem
742 1769 774 1830 et
800 1763 1024 1850 Apostolicam
1049 1762 1247 1830 benedictio-

121 1888 208 1936 nem.
225 1869 356 1948 quanto
372 1871 568 1939 extimemus
584 1871 751 1957 negotium
777 1877 865 1938 terre
881 1878 996 1938 sancte
1021 1871 1247 1957 sollempnius,

120 1984 314 2063 quantoque
329 1979 435 2063 magis
452 1978 575 2046 insidet
593 1979 681 2046 cordi
697 1984 828 2064 nostro,
846 1984 938 2046 tanto
958 1977 1097 2064 amplius
1114 1979 1156 2044 ad
1174 1997 1247 2045 exe-

119 2084 286 2153 cutionem
303 2085 407 2171 ipsius
423 2091 456 2153 et
472 2106 603 2173 eorum,
620 2107 682 2171 que
698 2094 851 2173 spectant
867 2090 911 2154 ad
936 2087 1064 2175 ipsum,
1090 2105 1248 2173 personas

116 2193 317 2282 ydoneiores
335 2195 556 2281 exquirimus,
572 2193 654 2262 illud
669 2195 862 2282 specialiter
878 2195 911 2262 in
928 2215 1040 2264 earum
1057 2194 1248 2284 ydoneitate

117 2308 318 2386 querentes,
335 2310 370 2370 ut
385 2300 543 2371 fidelitate
559 2323 599 2371 ac
618 2305 794 2390 prudentia
812 2304 946 2390 vigeant
962 2311 996 2372 et
1012 2305 1083 2374 uelo
1100 2305 1249 2371 ferveant

115 2409 164 2477 ad
181 2408 271 2476 idem
287 2411 455 2496 negotium
472 2412 744 2497 prosequendum.
763 2413 832 2480 Hoc
849 2413 890 2479 dc
905 2434 1048 2499 persona
1063 2419 1121 2480 tua
1136 2409 1247 2478 lauda-

114 2519 187 2586 bile
213 2517 311 2588 nobis
337 2519 560 2588 testimonium
586 2539 608 2584 a
631 2517 695 2587 lide
722 2521 833 2608 dignis
860 2522 1041 2589 exhibitum
1066 2521 1248 2610 pollicetur.

112 2627 201 2696 Cum
226 2627 341 2712 itaque
366 2627 572 2714 approbante
597 2627 701 2695 Sacro
719 2627 874 2696 Generali
890 2627 1036 2697 Concilio
1054 2649 1157 2714 nuper
1173 2648 1247 2695 con·

111 2742 260 2822 gregato
276 2734 438 2822 Lugduni,
460 2735 621 2804 decimam
647 2738 790 2804 omnium
817 2737 1117 2806 ecclesiasticorum
1142 2736 1249 2805 reddi-

109 2852 211 2912 tuum
229 2851 261 2912 et
277 2849 494 2930 proventuum
511 2845 556 2912 ad
572 2851 659 2912 terre
675 2845 822 2932 predicte
844 2847 1028 2914 subsidium
1044 2867 1102 2933 per
1119 2865 1178 2916 sex
1194 2866 1249 2913 an-

108 2976 180 3024 nos
198 2975 221 3020 a
237 2953 323 3022 festo
339 2953 532 3020 Natiuitatis
548 2954 644 3021 Beati
659 2955 822 3022 lobannis
842 2956 992 3041 Baptistc
1009 2962 1176 3023 transacto
1192 2975 1249 3022 no-

103 3065 256 3132 vissime
266 3063 487 3132 numerandos
501 3063 688 3132 duxerimus
709 3065 972 3132 concedendam:
990 3065 1180 3132 discretioni
1195 3071 1250 3131 tue

101 3169 320 3260 presentium
337 3171 530 3241 auctoritate
553 3173 747 3239 mandamus
757 3224 767 3259 ,
784 3173 1107 3258 quatenus'ptediotc
1124 3172 1249 3239 decime

99 3279 308 3366 colligendo
318 3277 351 3346 iu
361 3279 511 3349 omnibus
523 3281 781 3368 partibusRegni
792 3279 938 3363 Ungurie
952 3280 1139 3365 subscripto
1151 3279 1248 3347 modo

97 3391 263 3462 sollicite
274 3408 385 3455 curam
397 3389 669 3474 gerasvidelioet
678 3397 714 3456 ut
723 3389 757 3456 in
767 3388 905 3475 singulis
918 3386 1117 3457 Civitatibus
1128 3395 1161 3455 ct
1172 3386 1249 3455 Dio-

96 3499 253 3571 cesibus
270 3497 377 3583 Regni
393 3497 539 3565 eiusdem
551 3497 593 3566 dc
604 3497 742 3567 oonsilio
753 3499 897 3565 locorum
909 3495 1087 3580 Ordioarii,
1104 3503 1163 3563 aut
1179 3496 1250 3562 eius

93 3605 366 3694 vicesgerentis,
376 3603 622 3676 siDioossanus
638 3607 710 3693 ipse
725 3608 846 3674 absens
858 3605 964 3690 fucrit,
978 3613 1012 3672 et
1027 3609 1158 3672 duorum
1170 3604 1249 3673 tide·

93 3719 297 3804 dignorum
317 3715 361 3783 de
379 3714 531 3783 Ecclesia
552 3713 742 3784 cathedrali
764 3716 1010 3784 constitutorum
1030 3717 1063 3782 in
1082 3715 1250 3798 dignitati-

91 3833 180 3917 bus,
219 3843 282 3893 sen
307 3823 446 3890 aliorum
473 3823 581 3907 quoad
596 3843 662 3891 nou
679 3827 861 3908 exemptos,
880 3823 967 3906 quod
984 3829 1156 3909 exemptos
1172 3843 1252 3890 vcro

90 3941 143 4010 de
164 3934 325 4008 consilio
343 3933 528 4017 aliquorum
543 3932 800 4019 presbiterorum
816 3929 858 3997 de
874 3935 1026 3999 contrata
1042 3931 1180 4018 deputes
1195 3931 1251 3998 du·

88 4071 134 4120 as
154 4061 339 4138 personas
357 4041 433 4126 tide,
452 4040 678 4124 facultatibus,
694 4041 724 4106 si
739 4039 824 4108 tales
840 4039 1010 4108 commode
1029 4040 1251 4127 inveniantur,

85 4179 135 4231 ao
155 4156 267 4228 alias
282 4151 432 4242 ydoneos
450 4149 494 4216 ad
520 4149 723 4218 collectionis
745 4147 932 4217 huiusmodi
947 4148 1163 4217 ministerium
1179 4169 1252 4216 exe·

82 4265 296 4356 quendum.
307 4261 508 4331 collectores
524 4279 614 4344 vero,
631 4277 726 4346 quos,
743 4264 779 4326 ut
794 4256 1000 4343 premittitur,
1018 4256 1207 4346 deputabis,
1218 4255 1251 4323 iu

80 4381 215 4450 torma
236 4373 354 4442 iurare
370 4369 475 4440 iacias
491 4367 718 4458 infrascripta.
746 4369 788 4435 Et
808 4375 843 4436 tu
858 4365 1087 4436 nichilominus
1104 4365 1254 4451 Regnum

82 4501 121 4561 et
139 4489 286 4582 partes
312 4481 450 4550 easdem
478 4480 639 4567 circueas,
666 4478 855 4564 diligentius
883 4481 1096 4562 scrutaturus,
1113 4472 1254 4559 qualiter

79 4607 118 4671 in
139 4589 347 4669 commisse
364 4589 429 4656 sibi
445 4588 534 4658 dicto
550 4587 757 4658 collectionis
783 4585 892 4658 officio
918 4585 1018 4653 iidem
1045 4603 1082 4651 se
1107 4583 1254 4649 habeant

77 4710 338 4784 collectores,
367 4699 513 4786 qualiter
537 4698 620 4790 ipsis
639 4698 681 4770 de
697 4695 824 4766 decima
840 4691 1002 4780 satisfiat,
1019 4693 1253 4776 collectamque
