3154 5166
816 321 973 433 ‚aa

333 519 450 593 daliter
475 525 605 593 seviens
629 525 662 590 in
688 544 724 592 se
744 525 850 610 ipsum
869 531 902 589 et
917 525 1046 590 domum
1061 523 1206 610 ngarie
1220 523 1374 606 inclitam,
1392 519 1453 588 Re-

332 635 429 719 gibus
445 634 569 718 pollere
585 633 757 701 catholicis
773 639 975 716 consuetam,
993 634 1118 698 thorum
1134 631 1247 699 sedare
1257 650 1321 698 non
1339 629 1455 696 metuit

334 743 542 828 coniugalem
567 745 600 810 in
625 743 781 827 grandem
809 761 951 826 superne
967 741 1151 809 Maiestatis
1168 741 1335 824 offensam,
1351 756 1454 821 gravo

333 869 390 918 sue
416 853 534 919 salutis
560 851 767 938 dispendium
793 857 826 918 et
852 851 1045 918 scandalum
1068 850 1214 917 fidelium
1232 849 1453 934 plurimorum.

332 957 403 1026 Nos
420 967 527 1028 autem
552 960 766 1042 equanimiter
791 959 876 1025 ferre
893 959 976 1026 talia
992 967 1025 1026 et
1041 967 1109 1026 tam
1126 961 1243 1043 gravia
1259 977 1322 1024 non
1339 957 1451 1023 valen·

332 1075 394 1152 tes,
409 1075 442 1133 et
459 1069 627 1154 cupientes
653 1087 711 1154 per
727 1068 917 1152 Apostolioe
934 1066 1028 1135 Sedis
1046 1064 1294 1152 ‘providentiam
1320 1069 1449 1151 oportu-

332 1195 406 1242 num
424 1176 601 1261 superbiis
618 1177 759 1244 Domino
776 1173 908 1242 favente
925 1175 1104 1243 remedium
1119 1173 1271 1240 adhiberi
1281 1223 1290 1256 ,
1315 1191 1452 1240 venera-

331 1281 430 1351 bilem
446 1283 581 1350 fratrem
598 1291 741 1351 nostrum
757 1285 792 1350 Β.
809 1285 1009 1372 Episcopum
1025 1284 1252 1369 Eugubinum,
1271 1283 1376 1349 virum
1391 1281 1452 1347 uti·

332 1411 394 1473 que
411 1392 582 1458 virtutibus
599 1393 788 1478 insignitum
805 1413 845 1458 ao
860 1394 956 1460 nobis
974 1401 1007 1460 et
1023 1392 1179 1460 fratribus
1196 1392 1317 1460 nostris
1333 1389 1449 1456 merito

331 1519 388 1567 sue
404 1500 578 1586 probitatis
595 1509 774 1586 acceptum,
792 1502 834 1567 ad
853 1503 1001 1585 Regnum
1017 1501 1173 1585 Ungarie,
1200 1500 1373 1568 commisso
1389 1497 1451 1562 sibi

330 1609 427 1694 plene
453 1607 628 1693 legationis
654 1607 759 1674 officio
789 1610 823 1674 in
840 1609 954 1677 eodem
972 1609 1094 1692 Regno,
1112 1628 1254 1674 necnon
1272 1607 1450 1682 Dalmatie,

331 1735 394 1798 que
410 1713 556 1797 Ungarie
573 1716 716 1801 Regibus
733 1716 816 1782 solet
833 1737 906 1784 esse
922 1717 1083 1799 subiecta,
1100 1718 1242 1800 Austris,
1259 1715 1378 1799 Styrie,
1390 1716 1450 1782 Ca·

329 1824 469 1909 rinthie,
486 1823 643 1890 (lumanie
660 1831 693 1890 et
709 1826 815 1890 Bosne
833 1825 992 1911 partibus,
1012 1832 1167 1909 tanquam
1184 1824 1278 1911 pacis
1294 1821 1450 1906 angelum

329 1935 543 2019 destinamus,
556 1934 618 2000 sihi
635 1955 694 2020 per
711 1934 795 2002 alias
813 1935 940 2002 litteras
957 1940 1088 2002 nostras
1106 1936 1262 2016 iniuncto,
1277 1941 1313 1998 ut
1330 1932 1360 1996 si
1370 1929 1451 1996 Tar·

328 2044 403 2127 tari,
420 2041 614 2126 Sarraceni,
635 2042 792 2125 Naugerii
809 2049 843 2107 et
858 2045 982 2127 pagani
999 2043 1129 2128 prefati,
1146 2061 1224 2108 suos
1241 2047 1379 2108 conatus
1396 2061 1451 2106 ue-

329 2152 463 2237 pharios
479 2157 594 2217 contra
608 2153 685 2217 fidei
702 2151 882 2218 orthodoxe
911 2153 1052 2218 cultores
1073 2171 1226 2219 exercere
1242 2165 1451 2237 presumpte

328 2260 401 2341 rint,
418 2281 458 2325 ne
475 2260 618 2344 ipsorum
637 2259 817 2326 erudelitas
833 2261 866 2325 in
883 2260 1026 2328 eiusdem
1042 2261 1120 2328 fidei
1132 2259 1339 2348 dispendium
1356 2259 1452 2323 inva-

327 2367 441 2452 lescat,
457 2369 615 2437 adversus
631 2390 688 2436 eos
705 2375 738 2434 et
754 2369 838 2435 alios
854 2367 1050 2437 adherentes
1077 2371 1221 2454 eisdem,
1239 2370 1293 2435 vel
1309 2370 1401 2454 ipsos
1418 2367 1451 2432 in

329 2477 391 2544 hiis
408 2475 652 2562 quomodolibet
667 2476 889 2561 confoventes,
908 2478 1139 2562 cuiuscumque
1155 2477 1385 2564 preminentie,
1402 2475 1451 2543 di-

326 2585 473 2672 gnitatis,
491 2593 596 2652 status
612 2593 670 2654 aut
686 2585 883 2653 conditionis
900 2585 1076 2671 extiterint,
1087 2605 1128 2651 ao
1145 2588 1243 2654 etiam
1259 2591 1376 2652 contra
1393 2581 1451 2649 he-

326 2695 455 2780 reticos,
472 2694 528 2779 qui
544 2694 585 2760 de
601 2693 739 2763 diversis
756 2693 867 2760 mundi
888 2695 1040 2780 partibus
1056 2694 1088 2759 in
1106 2693 1273 2762 nonnullis
1290 2691 1374 2760 locis
1392 2711 1451 2760 sue

326 2801 483 2887 legationi
498 2801 666 2887 subiectis,
678 2803 761 2868 siout
775 2802 942 2888 asseritur,
955 2809 1184 2887 convenerunt,
1195 2802 1346 2870 omnibus
1357 2801 1450 2870 chri-

327 2911 369 2978 sti
385 2911 536 2980 fidelibus
553 2929 612 2996 per
627 2913 772 2996 Regnum
789 2910 938 2994 Ungarie
961 2909 1182 2998 supradictum
1200 2931 1242 2978 ac
1258 2910 1345 2978 alias
1360 2910 1450 2978 dicte

325 3019 500 3106 legationis
515 3029 627 3109 partes
643 3041 702 3107 per
718 3041 765 3107 se,
783 3025 837 3088 vel
854 3041 913 3110 per
929 3020 1031 3089 alium
1048 3040 1106 3088 seu
1122 3023 1207 3089 alios
1223 3021 1359 3088 verbum
1375 3040 1449 3087 cru·

326 3131 373 3198 cis
399 3131 539 3197 sollicite
564 3149 746 3218 proponere
771 3131 921 3216 studeat,
948 3137 980 3198 et
1002 3132 1046 3198 ad
1062 3149 1135 3197 eam
1152 3131 1312 3216 promptis
1325 3129 1449 3196 animis

325 3241 553 3308 assumendam
571 3242 790 3310 christanum
816 3241 973 3327 populum
1001 3241 1177 3309 exhortari.
1203 3241 1371 3325 Rogamus
1387 3239 1450 3306 ita·

325 3369 386 3433 que
403 3349 608 3417 nobilitatem
628 3356 768 3418 vestram
779 3357 812 3416 et
828 3350 995 3416 hortamur
1004 3350 1040 3415 in
1056 3347 1123 3417 filio
1140 3347 1203 3416 Dei
1219 3347 1336 3435 patris,
1353 3347 1386 3412 in
1397 3367 1449 3414 re-

324 3458 508 3525 missionem
526 3458 618 3526 vobis
634 3466 846 3545 peccatorum
862 3459 1081 3542 iniungentes‚
1099 3465 1259 3542 quatenus
1274 3456 1451 3524 attenden-

323 3575 373 3634 tes
390 3565 539 3647 sollioite,
557 3567 645 3651 quod
662 3589 719 3653 per
730 3567 791 3635 hoc
807 3569 910 3653 possit
927 3568 1097 3636 (latholioe
1112 3566 1190 3634 tidei
1208 3587 1271 3634 non
1282 3565 1450 3634 modicum

321 3673 481 3760 deperire,
497 3681 610 3742 contro
625 3675 792 3758 Tartarus,
810 3677 1031 3761 Sarracenos,
1053 3673 1256 3761 Naugerius,
1281 3693 1449 3760 paganos,

322 3783 543 3869 scismaticos,
570 3785 731 3850 hereticos
757 3789 789 3851 et
813 3783 1012 3852 adherentes
1038 3785 1205 3870 predictis,
1222 3784 1353 3869 prefato
1370 3785 1451 3869 Epi·

321 3910 421 3977 scopo
432 3914 491 3979 pro
502 3895 621 3960 Divina
633 3892 865 3978 etApostolice
877 3894 974 3961 Sedis
984 3913 1023 3959 ac
1034 3899 1147 3960 nostra
1163 3893 1361 3976 reverentia,
1372 3913 1449 3962 oum

323 4022 420 4088 super
430 4003 491 4070 hoc
502 4009 535 4068 et
544 4002 619 4068 aliis
636 4001 733 4068 etiam
747 4021 805 4068 sue
821 4003 999 4085 legationis
1016 4003 1161 4086 negotiis
1178 4020 1218 4066 ex
1232 4007 1329 4088 parte
1340 4001 1447 4088 ipsius

321 4109 480 4194 Episcopi
490 4108 662 4194 eontigerit
674 4129 729 4174 vos
740 4111 1031 4191 requiri‚assistera
1043 4109 1206 4176 studeatis
1218 4109 1377 4194 consiliis,
1388 4131 1446 4177 au-

321 4217 408 4287 xiliis
424 4225 458 4284 et
473 4219 642 4286 favoribus
659 4220 848 4305 oportunis,
866 4227 901 4285 ut
918 4217 1045 4286 illorum
1060 4219 1248 4306 dampnatis
1266 4225 1300 4285 et
1315 4239 1445 4305 repres-

320 4325 366 4392 sis
377 4327 540 4394 erroribus
551 4337 583 4393 et
594 4328 706 4413 pravis
718 4328 888 4394 conatibus
898 4327 1029 4414 penitus
1043 4329 1202 4413 vacuatis,
1213 4329 1308 4396 vobis
1324 4329 1446 4396 exinde

321 4453 362 4499 ex
387 4433 455 4501 alto
472 4437 642 4519 proveniat
659 4439 827 4522 premium,
845 4438 933 4522 quod
951 4438 1089 4524 propiis
1106 4437 1234 4506 actibus
1251 4457 1446 4524 compensa-

320 4547 382 4626 tur,
393 4561 519 4623 nosque
531 4540 735 4610 devotionem
754 4553 898 4612 uestram
911 4547 1064 4614 uberibus
1080 4548 1112 4611 in
1130 4547 1271 4614 Domino
1288 4545 1447 4614 laudibus
