3116 5166
810 305 970 414 ‚tit

330 502 431 591 paulo
447 501 607 569 minorem
617 501 758 587 angelis,
768 519 832 584 que
847 502 899 568 sui
916 501 1075 568 ereatoris
1090 502 1280 588 ymaginem
1297 511 1332 569 et
1346 500 1459 570 simili-

330 607 1459 695 tudinemrepresentat,tempestuosafluctuationemixtaqueeouinn·

330 718 456 802 derent,
468 725 502 784 et
520 737 579 786 sue
595 716 718 802 qnietis
734 716 976 785 beatitudinem
993 718 1213 806 impedirent,
1230 719 1412 802 quinimmo
1427 723 1461 784 nt

330 826 481 896 omnibus
501 825 654 894 subieris
675 833 709 894 et
726 823 909 894 honestus
929 826 1045 912 regnis
1064 825 1224 913 limitatio,
1253 825 1377 911 singuli
1391 824 1459 892 vite

330 931 471 1017 pneiflea
479 933 628 1004 viverent
638 942 672 1002 et
681 933 724 1002 ab
735 931 868 1002 eliensis
878 935 1069 1002 alterutrum
1080 933 1283 1002 abstinerent
1299 951 1457 1018 suumque

330 1039 488 1112 faetorem
504 1040 624 1110 affeetu
639 1044 783 1111 naturali
800 1049 1055 1129 cognoscerent,
1078 1045 1245 1128 cognitum
1261 1044 1411 1112 colerent
1426 1049 1458 1107 et

329 1157 518 1220 reverenter
543 1149 663 1220 Divino
688 1149 832 1238 Imperio
856 1152 1078 1220 subiaeerent.
1107 1150 1247 1220 Demnm
1270 1169 1350 1218 rere
1367 1148 1450 1216 idem

329 1269 422 1348 puter
436 1260 604 1329 alissimus
621 1281 662 1330 ex
678 1261 745 1328 alto
761 1259 969 1346 prospieiens
986 1259 1150 1346 populum,
1161 1277 1257 1343 quem
1274 1263 1454 1340 curaverat,

328 1368 550 1458 prothoplasti
565 1367 684 1437 delieto
696 1367 943 1454 dampnationis
960 1369 1158 1436 sententiam
1175 1367 1346 1449 ineurrise,
1363 1385 1453 1434 sunm

328 1475 482 1546 dileetum
499 1476 701 1562 unigenitum
719 1477 977 1545 misericorditer
993 1478 1028 1543 in
1045 1476 1199 1545 mundum
1216 1495 1276 1563 pro
1293 1473 1399 1561 ipsius
1410 1492 1453 1539 re·

329 1586 518 1674 demptione
543 1585 658 1672 populi
684 1585 871 1672 destinarit,
898 1587 956 1672 qni
973 1605 1106 1654 earnem
1121 1591 1232 1654 nostre
1249 1583 1453 1654 mortaiitatis

328 1693 471 1780 indutas,
489 1693 629 1763 eundem
645 1695 801 1781 populum
818 1695 858 1762 nb
875 1706 987 1763 eterno
1004 1692 1152 1763 erueiatu
1169 1695 1285 1762 mortis
1302 1691 1452 1779 eriperet,

329 1813 363 1875 et
385 1803 589 1890 redemptum
613 1821 673 1870 suo
699 1803 844 1888 pretioso
871 1803 1032 1888 sanguine
1048 1803 1204 1872 salvaret.
1221 1803 1290 1872 Nos
1306 1800 1453 1888 igiturin

328 1914 393 1984 irae
417 1909 564 1979 terrestri
590 1911 719 1996 patria,
746 1918 910 1994 quatenus
935 1911 1120 1998 possimus,
1147 1923 1348 1996 exequentes
1366 1911 1452 1978 riees

328 2022 451 2110 ipsius,
467 2021 617 2090 ieramus
633 2020 744 2106 vigilis
768 2041 858 2088 more
883 2022 1027 2108 pastoris
1053 2029 1120 2090 tam
1147 2041 1334 2108 corporeos,
1359 2039 1453 2106 quem

328 2129 492 2199 mentales
520 2127 633 2195 oeulos
661 2129 695 2196 in
712 2129 858 2214 uirenitu,
875 2130 986 2216 uisuri,
1004 2131 1084 2215 quid
1099 2131 1192 2216 gregi
1208 2129 1384 2198 commisso
1400 2147 1452 2195 no-

328 2239 379 2308 bis
404 2237 569 2326 expediat,
587 2244 620 2304 et
645 2236 721 2321 quid
748 2237 1019 2325 operisimpendi
1034 2237 1157 2306 debeat
1172 2240 1261 2307 eirea
1276 2238 1405 2326 ipsum,
1421 2243 1452 2302 ut

328 2347 417 2416 illius
441 2345 515 2413 iulti
540 2344 697 2432 presidio,
723 2345 816 2414 euius
831 2352 907 2413 sunt
923 2354 1010 2416 terre
1028 2346 1194 2434 cardines,
1211 2349 1264 2414 eui
1280 2344 1453 2432 rogitatio-

326 2474 387 2524 nes
412 2453 579 2524 hominum
604 2461 841 2540 preparantur,
858 2455 978 2540 quique
1004 2453 1137 2524 iertinm
1153 2475 1250 2524 arcus
1268 2461 1451 2543 superstet
1547 2525 1548 2553 ἱ

326 2565 469 2634 infirmos
494 2565 614 2632 robore
640 2570 791 2648 potenter
818 2566 971 2652 aeeingit,
990 2567 1094 2634 nostri
1111 2574 1224 2652 partes
1240 2561 1344 2633 officii
1362 2563 1452 2633 salu·

267 2751 273 2768 ·
326 2673 440 2743 briiter
454 2679 488 2741 et
504 2672 629 2739 utiliter
644 2691 869 2758 exponamus,
897 2674 942 2742 ad
959 2693 1001 2742 ea
1018 2675 1205 2761 presertim,
1222 2691 1286 2758 que
1300 2670 1451 2740 lidelibue

325 2783 456 2871 populis
480 2781 668 2850 necessario
692 2781 847 2870 expedire
873 2783 1050 2851 viderimus
1075 2789 1108 2852 et
1125 2782 1310 2852 dormimus
1343 2778 1451 2867 profu·

325 2899 411 2962 tura·
426 2889 545 2958 Verum
562 2891 639 2960 lieet
653 2894 814 2960 universis
831 2900 865 2959 et
880 2893 1021 2978 siugulis
1036 2893 1223 2979 regionibns
1240 2893 1313 2960 Deo
1324 2889 1451 2976 etApo·

326 2999 443 3070 stenes
459 2989 538 3068 Sodi
564 2999 694 3068 devotis
720 3001 867 3070 levorem
885 3002 1123 3088 Apostolienm,
1139 3001 1292 3086 quotiens
1308 2996 1453 3066 neeessi·

325 3119 377 3178 ιιι
392 3107 533 3196 ingruit,
559 3107 751 3196 impendere
770 3118 949 3198 teneamur,
967 3129 1094 3195 nosque
1109 3109 1153 3178 ad
1169 3127 1228 3176 eas
1245 3113 1360 3176 nostre
1377 3125 1451 3174 eon·

325 3218 534 3290 siderationis
551 3213 772 3286 diffundamus
787 3217 959 3306 intuitnm3
985 3239 1073 3288 nune
1097 3226 1219 3288 tamem
1244 3215 1366 3286 nobilis
1393 3215 1450 3287 se

324 3327 383 3412 gni
396 3323 546 3412 Ungarie
561 3325 779 3394 neeessitates
794 3327 987 3414 Apostoliee
1006 3325 1085 3397 Sodi
1109 3327 1297 3412 frequenter
1321 3323 1450 3414 exposi-

323 3441 377 3504 tas
392 3431 641 3522 preeordisliter
666 3434 847 3520 intuemur,
874 3435 1006 3510 nuditas
1031 3436 1222 3521 ruentium,
1247 3440 1283 3504 et
1298 3453 1365 3504 non
1379 3433 1450 3500 sine

324 3543 434 3614 eordis
450 3539 670 3610 amaritudine
697 3543 810 3630 sepius
836 3545 1106 3631 eontemplamnr.
1131 3543 1350 3612 (leudolenus
1365 3542 1450 3610 enim

323 3649 530 3720 tumultuosis
556 3649 698 3718 motibus
725 3657 758 3718 et
782 3651 951 3721 seditiosis
978 3652 1171 3722 tumultibus
1196 3652 1297 3731 illiue,
1324 3651 1382 3736 qui
1398 3651 1448 3720 rel

324 3777 385 3848 per
400 3759 539 3829 dissidia
562 3757 782 3828 simuletatum
808 3761 998 3829 alterutrum
1023 3760 1201 3846 dissident,
1227 3761 1281 3829 rel
1297 3779 1448 3847 eongres·

324 3887 380 3937 sus
396 3874 525 3936 mutuos
542 3872 575 3937 et
591 3865 682 3934 bella
697 3869 772 3956 plus
789 3887 887 3954 quam
904 3869 1021 3939 uirilis
1038 3871 1224 3939 immaniter
1240 3869 1448 3938 colliduntur.

323 3975 375 4046 Ex
389 3974 507 4060 quibus
520 3975 605 4044 inter
620 3977 700 4061 alia,
718 3977 806 4046 dono
817 3979 912 4066 paeis
922 3979 1115 4050 mentalibus
1126 3979 1254 4049 eunetis
1269 3975 1448 4046 aeeomodo

323 4081 437 4152 libello
454 4085 531 4154 dato
546 4087 687 4172 repudii,
706 4090 851 4170 graviter
866 4089 984 4157 solium
1001 4091 1128 4174 Regale
1143 4089 1348 4176 deprimitur,
1366 4087 1448 4154 eins·

323 4211 388 4276 que
411 4190 568 4278 depresso
594 4195 751 4281 regimine
774 4217 839 4266 nen
865 4199 972 4268 solum
996 4200 1031 4266 in
1057 4199 1171 4284 Regno
1187 4199 1261 4284 ipso
1277 4203 1449 4266 rasuntur

323 4299 410 4368 bona
424 4299 576 4385 fidelium,
594 4302 655 4371 sed
670 4303 742 4372 iura
767 4306 991 4377 Euolesiarum
1007 4313 1042 4375 et
1062 4307 1199 4376 aliorum
1215 4307 1344 4396 piorum
1360 4307 1448 4376 loeo·

322 4427 393 4477 rum
409 4412 442 4477 in
457 4410 673 4498 direptionem
689 4415 845 4502 ueniunt,
871 4425 905 4485 et
931 4417 1067 4487 libertas
1084 4417 1315 4486 ecclesiastiea
1328 4413 1449 4502 damp-

323 4517 477 4586 nabiliter
494 4519 730 4608 concultatur,
757 4524 939 4594 animarum
965 4526 1321 4611 quoquesnbseeuntnr
1335 4524 1449 4614 deplo-

320 4625 427 4697 randa
441 4630 600 4720 perionis,
618 4635 764 4701 nefanda
780 4653 993 4720 personarum
1010 4637 1150 4722 exeidia,
1167 4641 1199 4705 et
1221 4637 1288 4704 alia
1305 4636 1374 4706 iere
1401 4639 1448 4704 in·
1538 4671 1539 4683 ι
