3142 5164
843 1009 919 1078 143.

330 1201 361 1270 Α
377 1206 581 1293 oupyodrudi
595 1207 751 1294 kdptulua
766 1207 1040 1296 bizcnyccipleocle,
1051 1208 1130 1296 kopp
1141 1231 1181 1273 az
1196 1208 1447 1296 erdetyipuepdlc

331 1315 364 1378 έε
377 1315 487 1379 Barelu
494 1315 560 1400 fiai
569 1339 662 1404 perce
676 1317 798 1403 ttpybec
813 1317 997 1404 bardtectpou
1022 1321 1196 1406 apparetque
1220 1315 1331 1404 laptelc.
1348 1318 1446 1384 1281.

436 1533 622 1618 Capitulum
638 1569 682 1582 -
698 1570 743 1583 -
761 1573 804 1582 —
820 1536 960 1602 salutem
986 1533 1021 1602 in
1046 1531 1190 1602 Domino
1206 1534 1448 1620 sempiternam.

328 1641 381 1709 Ad
396 1643 623 1711 uniuersorum
639 1643 796 1712 noticiam
812 1650 927 1712 tenore
943 1643 1148 1732 presencium
1173 1644 1323 1710 volumus
1340 1659 1452 1726 perue-
1560 1663 1561 1690 r

328 1749 409 1832 nire,
434 1748 520 1832 quod
542 1786 577 1796 -
595 1784 640 1799 -
658 1785 695 1798 -
713 1751 818 1838 patris
834 1749 958 1817 domini
975 1751 1012 1816 P.
1030 1749 1188 1835 Episcopi
1211 1749 1369 1816 Albensis
1393 1747 1450 1813 Eo·

328 1858 430 1926 clesie
444 1855 664 1925 Transiluane
679 1857 753 1924 vice
769 1863 802 1925 et
817 1858 949 1924 nomine
973 1857 1078 1944 ipsine
1095 1857 1219 1924 domini
1237 1857 1397 1942 Episcopi
1413 1875 1451 1921 ex

328 1971 508 2052 unaparts,
520 1966 677 2052 magister
688 1961 861 2052 (Ugrinus)
872 1965 1045 2051 degenere
1056 1965 1218 2052 Ohakpro
1229 1984 1268 2032 se
1280 1972 1314 2031 et
1325 1962 1454 2030 nornine

328 2073 512 2159 Mychaelis
529 2081 562 2140 et
577 2074 686 2141 Barch
701 2073 840 2142 fratrum
856 2093 1007 2160 suorum,
1034 2073 1077 2141 ab
1092 2075 1209 2159 altera,
1228 2092 1341 2140 coram
1358 2069 1452 2140 nobis
1560 2079 1561 2134 ἶ

329 2215 375 2228 -
389 2215 434 2230 -
450 2217 493 2228 -
508 2181 607 2251 nobis
632 2181 709 2250 lrinc
732 2183 812 2251 inde
836 2183 900 2252 duo
926 2183 1022 2270 paria
1037 2185 1211 2252 literarum
1227 2181 1366 2250 Comitis
1383 2183 1452 2250 Ste-

328 2289 432 2376 phani
447 2289 646 2361 Viceiudicis
663 2291 761 2360 curio
785 2292 911 2362 domini
925 2295 1027 2380 Regis
1053 2294 1194 2364 eundem
1210 2329 1255 2341 -
1271 2329 1316 2340 ·—
1333 2327 1380 2340 -
1395 2291 1452 2359 sub

329 2399 393 2465 hae
408 2397 512 2466 forma
529 2419 537 2462 ε

437 2507 508 2576 Nos
524 2506 642 2577 Comes
660 2507 707 2577 St.
724 2513 785 2575 etc.
804 2515 886 2586 (mint
900 2515 986 2572 altbb
1005 2517 1077 2573 144.
1094 2536 1133 2572 aa.
1150 2514 1189 2588 a)

438 2618 508 2684 Nos
523 2615 625 2699 igitur
639 2617 719 2684 visis
747 2615 852 2698 literis
868 2617 974 2703 ipsius
992 2615 1130 2684 Comitis
1152 2615 1316 2704 Stephani
1334 2615 1453 2683 Viceiu-

331 2721 415 2790 dicia
433 2723 531 2792 Ourie
548 2723 673 2792 domini
689 2727 791 2809 Regis
809 2733 841 2791 et
857 2726 954 2809 plene
970 2726 1150 2794 intellectis
1175 2725 1362 2793 communis
1373 2725 1454 2810 juris
1560 2785 1561 2808 ἶ

333 2829 443 2898 debito
460 2832 624 2916 prenotati
641 2833 684 2899 ad
710 2833 908 2902 instanciam
925 2835 1094 2917 utriusque
1119 2835 1265 2918 parcium
1293 2833 1451 2920 predicta·

332 2959 402 3005 rum
419 2939 564 3008 nobilem
580 2941 735 3008 virumet
745 2942 920 3010 discretum
937 2943 1131 3028 magistrum
1143 2943 1328 3008 Emericum
1346 2941 1454 3008 Eccle-

333 3049 383 3114 sie
400 3053 511 3116 nostre
527 3051 701 3116 Lectorem
718 3051 763 3118 ad
789 3051 954 3135 premissa
969 3051 1168 3135 exequenda
1188 3049 1344 3117 duximus
1361 3049 1455 3117 desti·

333 3155 499 3240 uandnm,
524 3157 726 3241 quiquidem
752 3158 881 3225 demum
909 3160 949 3224 ad
967 3177 1027 3225 nos
1047 3156 1179 3225 rediens
1204 3157 1300 3225 nobis
1327 3157 1455 3244 propria

333 3263 409 3330 viva
424 3283 506 3331 voce
522 3283 582 3349 pro
600 3267 671 3332 loco
688 3271 720 3332 et
735 3263 789 3332 die
805 3269 840 3333 in
864 3267 1048 3354 prenotatis
1065 3267 1172 3334 literis
1198 3265 1348 3334 ciusdem
1367 3267 1455 3332 Vice-

334 3370 452 3438 iudicis
469 3371 566 3439 (lucie
583 3371 709 3440 domini
734 3375 835 3458 Regis
852 3377 1023 3462 expressis
1039 3377 1188 3459 utrisque
1206 3375 1359 3462 partibus
1385 3395 1456 3440 con·

333 3481 1455 3570 uenientibusdictusvenerabilispaterdominusEpiscopus'Praos·
1560 3557 1561 3562 ἵ

336 3588 483 3654 silnanus
501 3608 573 3656 cum
599 3593 750 3674 personis
768 3594 800 3657 iu
827 3593 932 3658 literis
949 3611 1029 3678 sepe
1050 3591 1128 3659 dieti
1145 3590 1348 3660 Viceiudicis
1366 3591 1457 3659 curie

335 3698 435 3781 Regis
452 3699 630 3767 nominatis
647 3707 758 3784 presto
774 3705 846 3765 erat
861 3719 954 3765 sumn
971 3699 1082 3767 facere
1099 3702 1340 3779 iuramentum,
1360 3701 1389 3766 si
1405 3718 1456 3783 po·
1560 3739 1561 3778 1

335 3813 490 3873 stremum
508 3815 642 3895 propter
658 3808 778 3876 bonum
796 3815 955 3895 perpetue
972 3808 1066 3894 pacis
1084 3815 1117 3874 et
1143 3813 1255 3873 mutue
1269 3807 1458 3879 dileccionis

335 3909 489 3981 affectum
506 3917 583 3998 quin
601 3917 715 4001 pocius
742 3935 872 3999 quoque
896 3935 1008 3983 verum
1035 3916 1120 3982 foret
1136 3919 1273 3999 propter
1299 3915 1458 3983 iuramen-

335 4027 402 4086 tum
419 4022 609 4090 enitendum
626 4024 850 4092 mediantibus
876 4025 1022 4111 pluribus
1039 4022 1152 4111 probis
1169 4033 1203 4088 et
1229 4024 1398 4090 nobilibus
1413 4025 1457 4090 vi·

335 4132 381 4196 ris
399 4131 485 4196 idern
501 4131 651 4202 dominus
664 4133 848 4217 Episcopus
865 4151 906 4198 cx
923 4141 1111 4217 crapario,
1128 4131 1290 4216 magister
1306 4129 1458 4216 Ugrinus‚

336 4237 479 4305 Michael
490 4235 550 4326 (et)
561 4240 692 4308 Baarch
708 4241 767 4308 filii
778 4240 917 4309 Comitis
926 4241 1057 4309 Baarch
1068 4240 1205 4328 propria
1218 4241 1252 4307 in
1262 4261 1406 4326 persona
1415 4239 1463 4307 in·
1560 4253 1561 4288 ³

335 4347 382 4414 ibi
399 4348 565 4413 constituti
582 4369 624 4416 ex
639 4349 850 4436 beneplacito
867 4369 926 4418 suo
942 4357 1067 4418 remoto
1083 4349 1195 4418 fomite
1213 4350 1321 4417 tocius
1336 4348 1405 4418 odii
1424 4385 1458 4396 ·—
1560 4391 1561 4412 r

338 4489 382 4502 -
398 4475 456 4522 seu
472 4455 647 4525 inimicicie
662 4457 747 4524 inter
761 4457 853 4546 ipsos
869 4493 911 4504 —
925 4457 1194 4542 qualitercunque
1210 4459 1345 4526 racione
1357 4454 1462 4541 ipsius
1560 4455 1561 4466 ³

337 4570 424 4628 terre
441 4564 592 4632 suscitati
619 4565 728 4632 taliter
743 4563 776 4632 in
794 4567 915 4634 bonum
936 4573 1094 4652 perpetue
1120 4565 1295 4634 concordie
1320 4565 1461 4632 deuoue-

337 4679 423 4753 runt‚
440 4673 527 4757 quod
542 4673 734 4760 sepedictus
747 4673 898 4743 dominus
908 4675 1104 4764 Episcopus,
1121 4675 1207 4742 siout
1221 4672 1371 4757 diximus,
1388 4691 1462 4758 pro·
