3116 5166
341 1167 400 1256 12)
417 1169 480 1234 ΙΙΙ.
496 1165 614 1234 Milia
634 1171 727 1254 pcipe
741 1166 846 1254 Fotop
864 1169 1021 1253 pdspiileb't
1042 1166 1172 1254 epybciei
1188 1163 1408 1234 bikomaraeb
1423 1161 1456 1229 el

660 1275 851 1342 rondaldrdre
869 1275 1146 1362 mapbotalmazza.

446 1491 603 1562 Nioolaus
629 1491 814 1579 Episcopus
852 1509 969 1559 seruus
1004 1509 1172 1560 seruorum
1198 1491 1262 1557 Dei
1286 1491 1460 1558 venerabili

339 1597 433 1668 fratri
459 1601 613 1688 Philippo
638 1600 804 1686 Episcopo
830 1599 984 1667 Firmano
1010 1601 1201 1688 Apostolioe
1227 1600 1323 1668 Sedis
1342 1599 1459 1684 legato

325 1711 501 1794 salutem,
528 1715 561 1775 et
585 1707 811 1796 Apostolioam
837 1707 1114 1776 benedietionem.
1132 1711 1331 1794 Prospernm
1347 1713 1459 1775 statum

340 1816 500 1886 oanissimi
527 1815 561 1882 in
587 1816 698 1884 Ohisto
724 1815 782 1882 filii
809 1819 911 1884 nostri
937 1863 945 1882 .
970 1863 978 1882 .
1004 1865 1011 1881 .
1036 1817 1137 1902 Regis
1153 1815 1301 1905 Ungarie
1318 1816 1459 1896 illustris,

340 1945 380 1992 ao
405 1925 557 2010 aliorum,
573 1944 788 2009 personarum
814 1923 1115 1992 ecelesiasticorum
1132 1933 1165 1992 et
1181 1925 1379 1993 secularium
1396 1923 1459 1990 ille·

260 2025 268 2052 ‘
340 2051 408 2100 rum
418 2033 560 2119 partium
570 2033 676 2120 plenis
688 2032 860 2102 desideriis
871 2031 1076 2116 affeotentes,
1089 2040 1133 2118 te,
1144 2033 1185 2099 de
1201 2035 1292 2101 onius
1308 2032 1461 2100 industria
1541 2071 1542 2078 κ

340 2147 373 2208 et
390 2141 679 2224 oironmspeetione
696 2143 794 2227 pleno
812 2141 1071 2225 confidimusad
1087 2143 1235 2228 Regnum
1252 2141 1401 2228 Ungarie
1410 2140 1461 2208 tibi

340 2248 515 2317 oommisoo
532 2249 613 2314 inibi
629 2257 662 2316 et
678 2250 814 2318 Potonie
823 2300 833 2334 ,
853 2250 1031 2333 Dalmatio,
1049 2250 1193 2332 Oroatia,
1210 2253 1325 2334 Reme,
1343 2249 1461 2330 Servis,

339 2355 543 2443 Lodomerie‚
561 2357 700 2443 Galioie,
717 2364 749 2424 ct
775 2359 933 2426 Conranie
950 2357 1101 2443 partibus
1116 2359 1213 2445 pleno
1229 2359 1405 2444 legationis
1420 2356 1461 2424 ol-

339 2467 431 2551 rioio,
447 2474 613 2551 tamqnam
636 2469 728 2553 panis
753 2468 906 2553 angelum
922 2467 963 2534 de
977 2469 1113 2534 fratrum
1129 2475 1311 2536 nostrornm
1329 2467 1460 2535 consilio
1541 2529 1542 2568 3

336 2576 486 2642 duximus
503 2575 742 2643 destinandum.
770 2577 815 2645 Ut
831 2586 941 2644 autem
958 2577 991 2642 in
1009 2577 1183 2644 commisso
1199 2575 1260 2643 tibi
1276 2575 1459 2644 huiusmodi
1541 2583 1542 2622 t

336 2680 463 2767 ollioio,
481 2685 552 2751 Deo
570 2681 720 2771 propitio,
738 2685 851 2754 valeas
868 2684 1066 2770 prosperari,
1084 2685 1265 2752 exercendi
1282 2684 1390 2752 libere
1406 2702 1461 2770 per

338 2795 372 2858 to
386 2793 442 2858 vel
458 2811 518 2878 per
533 2792 634 2858 alium
651 2813 710 2860 son
725 2793 808 2862 alios
824 2813 996 2862 censuram
1022 2791 1305 2878 eeclesiasticam,
1324 2793 1357 2860 in
1375 2811 1462 2860 vene·

336 2899 459 2967 nobiles
485 2899 605 2968 fratros
630 2906 762 2969 nostros
788 2899 1067 2987 nroniepisoopos
1095 2908 1128 2968 et
1154 2902 1340 2988 Episcopos
1354 2950 1363 2986 ,
1380 2904 1462 2966 aoin

341 3005 482 3075 dileetos
507 3006 591 3076 filios
618 3007 866 3077 cathedralium
882 3017 916 3076 ot
932 3009 1072 3076 aliarum
1095 3009 1394 3078 eoolesiestioarum
1410 3009 1462 3076 do·

342 3135 467 3184 morum
485 3125 517 3184 et
532 3119 816 3205 monasteriorum,
832 3128 899 3189 tam
917 3125 1152 3205 exemptornm,
1171 3137 1270 3201 qnam
1286 3139 1352 3186 non
1364 3135 1463 3186 exem·

338 3231 480 3312 ptorum,
497 3226 647 3297 Preietos
664 3235 697 3296 et
713 3227 871 3313 Olerioos,
889 3229 1079 3297 Conventus
1096 3233 1130 3294 et
1145 3226 1298 3313 Capitale
1308 3277 1318 3310 ,
1345 3245 1464 3295 neonon

338 3333 459 3419 Reges,
474 3335 621 3402 Gomites
638 3341 671 3404 et
686 3339 853 3421 Berones,
873 3345 905 3406 et
921 3337 1069 3423 Nobiles,
1087 3336 1283 3418 Potestates‘,
1301 3335 1462 3413 Raetorea,

339 3437 497 3526 Ballivos,
515 3443 673 3529 (tonsilia,
692 3447 899 3531 eommunia,
915 3445 1157 3514 Universitetes
1174 3451 1207 3510 et
1224 3445 1364 3532 populos
1380 3445 1461 3510 loon-

339 3569 409 3616 rnm
434 3549 564 3618 illarum
584 3552 736 3638 partium,
754 3559 786 3619 et
803 3573 1025 3637 quascumque
1041 3571 1202 3638 personas
1218 3553 1461 3622 ecclesiastieae

339 3665 372 3726 et
388 3659 566 3745 sonulares,
583 3661 735 3747 publicas
752 3667 784 3728 et
798 3664 947 3749 privatas
956 3710 966 3745 ,
995 3661 1226 3744 cuiuscumque
1243 3663 1377 3744 ordinis,
1394 3676 1466 3726 con·

339 3765 472 3836 ditionis
499 3770 552 3835 vel
579 3769 754 3855 dignitatis
779 3770 939 3854 existant,
970 3777 1002 3836 et
1026 3779 1132 3837 terras
1158 3788 1268 3835 eorunm
1295 3763 1469 3856 legationis

339 3875 497 3962 eiusdem,
509 3897 583 3945 eum
594 3877 717 3946 videris
735 3878 902 3965 expedire,
919 3897 984 3945 non
1001 3878 1211 3946 obstantibus
1227 3875 1390 3960 aliquibus
1405 3871 1469 3959 pri·

340 3983 474 4071 vilegiis
490 3987 545 4054 vel
561 3986 775 4073 indulgentiis
795 3987 1052 4072 quibusonmqne
1067 3984 1232 4072 personis,
1249 3985 1332 4052 loois
1349 3984 1399 4051 uel
1417 3997 1469 4045 or-

342 4091 473 4160 dinibus
495 4095 555 4161 snb
572 4097 690 4179 quavis
706 4096 879 4164 verborum
895 4095 1001 4163 lomna
1018 4096 1061 4163 ab
1077 4091 1274 4180 Apostolioa
1291 4093 1377 4160 Sede
1394 4107 1469 4156 oon-

339 4198 453 4281 eessis,
472 4200 514 4270 do
531 4202 649 4286 quibus
666 4223 867 4290 quorumque
880 4201 1049 4272 tenoribus
1065 4204 1201 4290 plenam
1218 4206 1251 4268 et
1267 4216 1471 4286 expressam,

337 4327 378 4376 ao
393 4305 436 4376 de
451 4312 551 4378 verbo
567 4310 757 4381 adverbum
779 4316 931 4399 oporteat
942 4311 976 4377 in
986 4312 1109 4380 nostris
1118 4309 1238 4379 litteris
1247 4310 1319 4380 lieri
1328 4305 1470 4377 mentio·
1541 4317 1542 4320 ’

330 4435 406 4484 nem
417 4421 449 4483 et
460 4421 559 4486 etium
570 4421 807 4502 eonoedendis,
819 4440 878 4505 per
892 4437 956 4502 que
966 4417 1103 4487 effeetus
1114 4419 1319 4505 presentium
1330 4431 1470 4502 quomo·

332 4523 457 4593 dolibet
466 4528 579 4597 valeat
589 4529 753 4616 impediri,
759 4527 961 4598 fraternitati
972 4535 1026 4597 tue
1037 4527 1176 4598 liberam
1187 4528 1394 4597 oonoedimns
1408 4539 1477 4588 an-
