3116 5166
817 277 978 382 „aa

349 481 444 552 salua
467 496 595 569 sempor
619 488 652 551 et
679 483 811 550 illibata
829 479 1039 566 persistant,
1054 499 1095 546 ae
1110 478 1252 547 subnixa
1266 479 1352 546 omni
1366 477 1464 544 mnni-

347 595 433 658 mine
459 597 680 677 personarent.
707 592 750 658 Et
774 610 816 656 ne
840 590 975 658 labente
1000 588 1165 656 enrrionlo
1181 588 1338 674 temporis
1354 586 1388 652 in
1402 584 1466 667 biis
1543 589 1544 630 ἓ

348 701 584 785 probaoionnm
602 700 814 766 subtrahatur
830 698 935 784 eopia,
953 719 993 766 ao
1013 717 1072 782 per
1087 697 1150 764 boo
1166 692 1375 779 ambigendi,
1393 693 1465 776 quin

346 828 422 895 ymo
449 809 705 892 malignantibus
731 807 840 876 aditus
867 813 982 892 pateat
1010 804 1181 890 litigandi3
1198 805 1333 890 dignum
1350 808 1416 886 est,
1432 807 1464 865 nt

347 917 513 983 literarum
529 917 742 1001 prouideatur
757 915 943 982 testimonio
960 913 1005 982 ad
1025 915 1073 982 rei
1089 913 1280 980 memoriam
1297 910 1464 996 sempiter-

347 1045 433 1091 nam.
451 1022 593 1093 Proinde
609 1031 717 1092 notum
739 1024 783 1090 sit
808 1029 921 1090 tenore
947 1022 1154 1110 presentium
1178 1020 1365 1104 uniuersis,
1382 1017 1464 1102 qnod
1543 1013 1544 1052 ³

345 1134 394 1201 vir
409 1132 570 1199 disorotus
586 1135 743 1217 magister
760 1132 931 1214 Antonius,
949 1132 1162 1198 Decretorum
1179 1131 1304 1212 dootor,
1322 1126 1464 1210 Proposi·
1543 1191 1544 1200 ,

347 1250 403 1308 tus
417 1240 647 1324 Posoniensis,
665 1241 806 1336 dilectus
831 1246 866 1308 et
890 1239 1000 1308 fidelis
1028 1247 1139 1306 noster
1155 1237 1198 1305 ad
1214 1244 1360 1304 nostram
1376 1253 1464 1300 aone-

347 1348 431 1416 dens
455 1349 682 1433 presenciam,
709 1349 804 1414 nobis
830 1367 995 1432 exponere
1023 1347 1168 1429 curauit,
1193 1347 1283 1429 quod
1297 1343 1466 1431 priuilegia

347 1457 596 1542 possessionum
613 1457 824 1542 Propositum
841 1463 874 1521 et
890 1456 1039 1524 Roelesie
1065 1456 1297 1538 Posoniensis,
1313 1452 1466 1522 videlieet

348 1581 447 1648 snper
462 1565 542 1631 villa
558 1565 682 1632 Samnd
699 1565 740 1631 de
757 1562 961 1647 Chollokun,
978 1583 1074 1646 qrrarn
1090 1564 1231 1649 gloriose
1247 1549 1401 1628 memorie
1416 1560 1466 1625 do·

346 1671 452 1738 minus
476 1672 558 1740 Bela
582 1675 745 1756 quondam
770 1674 841 1738 Rex
859 1673 1007 1757 lingerio,
1027 1672 1221 1740 karissimus
1247 1689 1329 1737 auus
1346 1673 1465 1740 noster,

350 1799 411 1866 pro
427 1781 620 1848 remissione
636 1788 845 1866 peccatorum
863 1801 994 1849 suorum
1006 1782 1039 1846 in
1050 1787 1243 1866 perpetuam
1261 1777 1465 1846 elemosinam
1543 1805 1544 1834 t

348 1889 559 1972 Propositure
576 1897 609 1956 et
624 1889 773 1956 Roolesie
805 1891 1001 1976 Posoniensi
1028 1891 1179 1971 donauit,
1206 1887 1343 1956 eontulit
1359 1893 1393 1951 et
1407 1892 1466 1949 tra·

349 1997 450 2081 ditia
468 2003 500 2064 et
516 2017 613 2082 super
629 2000 723 2064 terris
740 1997 847 2082 welk,
868 1999 997 2064 Kuurth
1016 2017 1086 2064 oum
1104 1996 1275 2084 pistaturis
1291 1995 1465 2063 Zoruosen·

349 2107 438 2191 re'm,
456 2106 702 2190 Senketekuta,
720 2107 933 2173 llarusknuth
950 2116 983 2174 et
999 2107 1177 2174 Kurtueles
1193 2105 1338 2186 noratis,
1356 2100 1466 2168 etalio

348 2215 519 2299 piscatura
543 2213 753 2301 Obewzueyz
779 2217 968 2302 appellata,
994 2234 1033 2280 ao
1060 2216 1179 2282 esteris
1194 2210 1464 2299 possessionibus,

350 2341 412 2405 que
428 2323 482 2389 vel
508 2343 548 2388 ex
567 2324 749 2391 donaoione
766 2321 888 2409 Regia,
904 2325 957 2390 nel
974 2324 1031 2411 pia
1047 2324 1225 2392 deuotione
1240 2320 1385 2388 tideliurn
1395 2368 1404 2403 ,
1420 2315 1465 2382 vel

350 2431 532 2514 emptionis
557 2438 613 2496 ant
637 2433 857 2515 cuiuscunque
874 2430 1008 2498 alterius
1025 2437 1210 2499 contractus
1226 2430 1323 2497 titulo
1339 2427 1384 2495 ad
1399 2425 1465 2488 Pre-

350 2539 555 2624 posituram,
572 2545 606 2605 et
630 2539 828 2606 Posoniense
845 2539 1029 2624 Capitulum
1056 2545 1298 2624 peruenerunt,
1325 2543 1464 2620 tempore
1543 2595 1544 2600 ,

348 2645 552 2732 hostilitatis,
568 2667 632 2731 quo
642 2648 713 2714 Rex
723 2649 915 2716 Boemorum
926 2649 1147 2735 tyrannizauit
1157 2648 1332 2716 crudeliter
1347 2647 1381 2710 in
1397 2659 1462 2712 nos.

350 2761 382 2818 et
397 2753 432 2818 in
456 2757 605 2838 Regnum
630 2761 774 2822 nostrum
799 2758 894 2824 nobis
920 2756 1005 2822 inira
1031 2758 1214 2841 pubertatis
1231 2763 1380 2840 tempora
1396 2769 1465 2817 oon·
1543 2791 1544 2800 ,

350 2859 475 2929 stitutis
501 2862 535 2928 in
560 2863 717 2949 capcione
738 2864 838 2930 rastri
863 2865 1075 2931 Posoniensis
1100 2866 1141 2931 de
1167 2881 1300 2932 tamara
1326 2858 1466 2928 Roolesie

350 2968 561 3038 Posoniensis
588 2990 652 3039 vna
677 2991 747 3038 oum
774 2973 851 3058 alijs
877 2973 972 3040 bonis
989 2975 1136 3040 eiusdem
1153 2973 1303 3040 Eoolesie
1319 2990 1377 3056 per
1391 2969 1465 3035 Boe·

349 3095 419 3144 mos
436 3083 470 3143 et
485 3075 703 3145 rtheutonicos
729 3087 804 3148 sunt
821 3083 944 3147 ablata.
963 3081 1057 3149 Vnde
1073 3083 1158 3149 idenr
1175 3083 1364 3166 Prepesitus
1378 3099 1397 3143 a
1412 3093 1463 3139 no-

348 3185 400 3254 bis
417 3185 580 3252 humiliter
605 3191 802 3274 postulauit,
829 3197 864 3255 nt
880 3190 1094 3257 donationem
1108 3191 1187 3258 ville
1202 3189 1323 3258 Samud
1342 3193 1375 3252 et
1388 3186 1462 3250 alto·
1543 3173 1544 3232 ἶ

351 3313 419 3359 rum
437 3294 661 3380 predictarum
678 3297 924 3380 possessionum
941 3299 1156 3365 collationem
1167 3305 1198 3364 et
1216 3296 1460 3381 acquisicionem
1543 3351 1544 3356 ,

349 3401 587 3470 notificaremus
614 3411 647 3468 et
673 3404 941 3490 approbaremus,
968 3413 1001 3473 et
1016 3425 1115 3491 super
1132 3407 1195 3490 bijs
1212 3413 1355 3498 nostrum
1373 3398 1463 3487 prini-

349 3509 470 3595 logium
498 3510 679 3578 concedere
704 3513 922 3596 dignaremur.
947 3517 1015 3580 Nos
1040 3515 1149 3601 igitur,
1166 3515 1244 3600 quie
1259 3514 1356 3582 nobis
1371 3525 1462 3592 saper

349 3619 517 3705 premissis
533 3639 591 3706 per
608 3621 714 3705 Regni
731 3624 833 3690 nostri
849 3623 998 3690 Barones
1025 3623 1115 3692 iaota
1140 3623 1202 3690 luit
1218 3625 1313 3708 plenu
1330 3619 1416 3700 tides,
1432 3623 1462 3678 et

350 3727 427 3809 quia
451 3747 572 3814 augere
597 3729 796 3800 intendimus
813 3733 1058 3800 ecclesiasticas
1076 3733 1272 3818 facultates,
1297 3729 1461 3796 annuimus

348 3836 444 3903 iustis
469 3837 687 3921 petitionibus
714 3841 880 3927 Propositi
897 3843 1075 3927 supradicti
1085 3893 1095 3928 ,
1113 3852 1146 3909 et
1162 3861 1203 3907 ex
1219 3846 1310 3908 oerta
1326 3833 1462 3904 soienoia

350 3943 571 4031 approbantes
588 3953 621 4010 et
637 3945 854 4031 ratificantes,
872 3951 1021 4040 volumus
1031 3999 1040 4033 ,
1068 3959 1101 4016 et
1118 3951 1326 4016 concedimus
1335 3999 1344 4032 ,
1361 3948 1399 4014 at
1413 3940 1463 4004 fir·

350 4069 472 4118 mamus
498 4057 639 4136 presenti
666 4055 838 4141 priuilegio
855 4057 888 4122 in
904 4067 1096 4146 perpetuum
1113 4060 1274 4142 valitur05
1291 4057 1377 4142 quod
1391 4051 1463 4116 Pre-
1543 4043 1544 4102 3

349 4160 498 4244 positura
513 4165 546 4226 et
561 4160 712 4230 Reolesia
729 4165 940 4232 Posoniensis
960 4169 1076 4234 villam
1093 4167 1215 4234 Samnd
1232 4185 1304 4234 oum
1322 4159 1464 4230 omnibus

350 4267 448 4334 ternis
464 4267 645 4336 arabilibus
662 4278 694 4336 et
710 4291 777 4336 non
794 4272 995 4359 arabilibus,
1011 4277 1116 4360 pratis
1126 4325 1135 4360 ,
1152 4273 1274 4341 tenetis
1283 4325 1292 4360 ,
1310 4266 1466 4356 virgultis,

348 4377 579 4460 arundinibus,
606 4380 712 4463 aquis,
739 4379 927 4464 paludibus,
943 4389 976 4449 et
992 4381 1110 4452 esteris
1126 4383 1325 4452 utilitatibus
1341 4399 1377 4446 ao
1389 4393 1463 4464 per·

349 4484 502 4569 tineneijs
527 4505 586 4568 pro
611 4485 756 4553 remedio
781 4489 889 4556 anime
914 4492 969 4556 aui
984 4492 1089 4558 nostri
1103 4491 1270 4558 karissimi
1286 4485 1414 4576 predioti
1431 4489 1468 4548 et

348 4599 457 4662 nostre
487 4594 643 4661 donatam
673 4599 706 4662 et
735 4615 942 4690 conoessam5
973 4619 1013 4666 ao
1027 4607 1147 4692 terram
1172 4599 1298 4666 Kuurth
1323 4615 1389 4664 enm
1412 4591 1461 4676 pi·
1543 4639 1544 4646 κ
