3116 5166
348 1115 380 1182 Α
403 1117 541 1204 romopyi
565 1141 605 1183 cz.
629 1115 738 1205 Epycd
762 1117 924 1204 bonosntjo
948 1116 1137 1204 dizooyttja,
1163 1115 1242 1205 bopy
1257 1115 1359 1188 Joiuoo
1375 1116 1466 1202 ispdu

349 1223 497 1312 Moporcy
520 1227 745 1309 r·6ezbirtokdt,
770 1225 879 1312 oaelyct
903 1248 924 1288 a
948 1224 1235 1312 vdrjobbdpyokkal
1251 1225 1381 1290 kda'o'seo
1397 1223 1465 1306 bird,

350 1331 546 1399 elkttlb'ob'zuc'
568 1335 834 1422 abatdrjcirrissal
860 1333 1005 1420 kijeldtue'
1028 1334 1201 1417 kiudaudn,
1217 1333 1466 1422 ekivdnaripdtdl

555 1466 576 1508 a
591 1442 820 1530 ‹oorjottcpyqt
836 1441 1002 1508 teramus
1018 1441 1148 1508 clotten.
1165 1443 1263 1508 1277.

456 1660 640 1728 Conventus
666 1658 858 1745 Monasterij
886 1660 1000 1730 Sancti
1016 1659 1126 1745 Egidij
1146 1658 1188 1726 de
1204 1657 1351 1746 Symigio
1368 1655 1465 1725 omni·

348 1765 408 1835 bus
434 1767 554 1838 Gbristi
579 1769 731 1836 fidelibus
755 1769 961 1853 presentibus
977 1769 1100 1856 pariter
1116 1765 1281 1834 obfuturis
1297 1771 1465 1852 presentes

349 1877 477 1945 litteras
504 1877 702 1964 inpsecturis
717 1878 858 1946 salutem
874 1878 906 1944 in
934 1899 973 1944 eo
990 1879 1045 1962 qui
1062 1882 1113 1945 est
1129 1876 1219 1943 salus
1236 1873 1388 1940 omnium.
1406 1871 1464 1938 No·

348 1985 425 2054 ticis
451 1995 640 2054 cunctorum
667 1987 893 2071 declaramus,
926 1987 1012 2070 quod
1044 1985 1161 2052 Comes
1186 1983 1361 2050 Jobonnes
1383 1981 1464 2048 filius

353 2095 432 2182 Isyp
448 2096 491 2162 ab
507 2115 574 2162 una
590 2103 683 2184 parte
695 2146 704 2180 ,
730 2095 841 2163 Zenke
865 2093 949 2162 titius
967 2092 1054 2178 Bed‚
1080 2092 1207 2160 Ioanka
1232 2090 1317 2158 tilius
1345 2089 1466 2177 Kyrcr,

352 2203 523 2291 Nycoleus
540 2204 626 2271 filius
641 2204 739 2292 Tyra
756 2205 871 2270 Benke
887 2201 972 2270 tilius
988 2202 1139 2285 Emerid,
1155 2202 1273 2268 Petrus
1283 2197 1370 2266 filius
1386 2199 1462 2283 Pyn·

353 2312 421 2393 tek,
445 2311 565 2399 Nyged
593 2311 679 2380 filius
704 2313 845 2396 Marcus,
863 2319 1047 2380 castrenses
1065 2309 1107 2377 do
1122 2309 1205 2378 villa
1219 2309 1387 2394 Mogorey,
1403 2325 1464 2372 una
1547 2379 1548 2388 χ

354 2439 425 2488 cum
440 2421 563 2489 Antalo
588 2419 655 2490 filio
682 2421 833 2507 Wytalus
851 2421 891 2488 de
917 2419 1054 2502 maaet,
1073 2419 1202 2486 bomine
1220 2417 1373 2503 Gregorii
1388 2411 1464 2482 Bani

353 2529 488 2596 Comitis
506 2527 734 2618 Symigiensis,
750 2529 967 2616 personaliter
984 2549 1025 2595 ex
1036 2528 1142 2595 altera
1160 2547 1267 2593 coram
1284 2525 1380 2592 nobis
1396 2543 1463 2589 con·
1547 2539 1548 2547 ¹

354 2639 478 2723 stituti;
504 2637 589 2702 idem
615 2637 733 2706 Comes
758 2638 926 2708 Johannes
944 2637 1037 2724 dixit,
1055 2642 1090 2703 ut
1106 2637 1243 2704 baberet
1259 2643 1381 2706 terram
1398 2650 1464 2696 cum

354 2747 449 2812 terris
475 2745 689 2812 castrensium
713 2745 930 2831 predictorum
948 2747 982 2812 in
999 2747 1090 2813 diota
1106 2743 1188 2814 vilia
1205 2745 1366 2829 Mogorey
1380 2760 1463 2808 com-

355 2871 485 2919 munem
501 2863 533 2920 et
549 2851 620 2920 sine
636 2851 808 2940 divisione,
825 2863 859 2920 et
874 2874 959 2921 nnnc
976 2855 1079 2921 uellet
1094 2871 1250 2938 separare
1268 2851 1310 2918 de
1335 2847 1464 2930 eisdem,

356 2981 395 3027 eo
421 2958 507 3043 quod
531 2969 664 3047 propter
688 2971 874 3047 presentem
890 2963 996 3050 Regni
1012 2963 1251 3028 discensionem
1269 2967 1302 3025 et
1321 2975 1461 3045 guerram

353 3069 456 3136 nollet
472 3089 544 3135 cum
561 3069 642 3155 ipsis
658 3074 880 3140 castrensibus
896 3071 1065 3159 possidere
1081 3091 1140 3139 seu
1156 3081 1279 3138 tenere.
1296 3067 1394 3135 (iuius
1410 3063 1463 3127 Co·

355 3177 443 3246 mitis
459 3178 620 3246 Jobaunis
646 3177 736 3246 dicta
759 3182 975 3276 prenominati
996 3186 1182 3248 castrenses
1197 3198 1277 3245 uera
1293 3195 1368 3242 esse
1383 3193 1463 3240 com·

357 3287 494 3353 maniter
509 3286 763 3372 affirrnauerun't,
790 3295 824 3356 et
839 3289 912 3356 ideo
930 3289 1046 3358 Comes
1061 3291 1227 3358 Jobannes
1244 3297 1277 3354 et
1293 3287 1390 3353 etiam
1414 3299 1463 3347 ca·

356 3402 501 3463 strenses
518 3397 583 3463 iam
600 3398 680 3465 dicti
698 3400 860 3465 bominem
877 3406 1023 3466 nostrum
1050 3397 1176 3466 fidelem
1201 3415 1259 3483 pro
1284 3387 1463 3460 testimonio

355 3505 614 3590 postulaverunt,
631 3508 665 3573 in
683 3507 773 3574 cuius
789 3507 962 3594 presencia
978 3507 1140 3575 mediante
1165 3505 1287 3572 Antalo
1313 3502 1378 3569 titio
1392 3497 1463 3580 Wy-

355 3613 451 3698 talus,
468 3632 527 3698 per
543 3613 735 3700 Gregorium
751 3617 877 3682 Bonum
893 3615 1051 3682 Comitem
1061 3613 1290 3698 Simigiensem
1301 3607 1463 3692 dato,ipse

356 3721 472 3788 Comes
487 3719 654 3790 Jobaunes
671 3729 788 3789 terram
805 3742 898 3790 suam
915 3731 1089 3809 separaret
1104 3721 1145 3789 de
1172 3719 1394 3790 castrensibus
1403 3735 1463 3780 me·

355 3831 499 3910 moratis,
511 3840 545 3899 et
553 3833 696 3918 undique
705 3835 802 3902 metis
812 3833 1024 3919 distingueret
1033 3853 1093 3900 seu
1102 3835 1257 3918 signaret.
1277 3833 1346 3899 Nos
1362 3833 1463 3894 autem

356 3937 486 4006 fidelem
510 3941 673 4010 bominem
698 3953 844 4009 nostrum
869 3943 1015 4010 misimus
1032 3963 1102 4008 oum
1119 3941 1244 4009 Gemite
1260 3939 1407 4007 iohanne
1421 3931 1464 3996 ad

358 4048 468 4115 omnia
484 4050 644 4136 premissa
669 4050 875 4136 exequenda,
892 4052 947 4135 qui
962 4051 1169 4137 postmodum
1185 4069 1258 4116 cum
1274 4047 1397 4114 Gemite
1412 4042 1465 4108 Jo-

356 4157 476 4239 hanne‚
487 4167 665 4227 memorato
680 4161 800 4230 Antalo
817 4159 883 4229 titio
900 4161 1061 4248 Wytalus,
1077 4161 1188 4227 Zeuke
1205 4166 1238 4226 et
1252 4157 1399 4227 omnibus
1414 4169 1465 4216 so-

357 4265 418 4350 oiJs
444 4266 511 4335 suis
538 4269 737 4354 supradictis
762 4269 983 4340 castrensibus
1008 4269 1054 4337 ad
1069 4289 1129 4339 nos
1145 4287 1296 4336 reuersus
1312 4263 1402 4334 nobis
1416 4257 1465 4325 di-

356 4375 425 4458 xit;
451 4381 486 4440 nt
510 4377 585 4444 dum
610 4384 727 4444 terram
745 4398 838 4445 suam
855 4379 973 4448 Comes
988 4378 1159 4448 Johannes
1175 4399 1333 4467 separare
1348 4377 1385 4442 de
1399 4377 1467 4437 ter-

357 4483 402 4550 ris
426 4483 572 4568 ipsorum
598 4487 813 4554 castrensium
838 4487 1009 4573 uoluisset,
1034 4487 1134 4573 ijdem
1162 4496 1350 4558 castrenses
1365 4505 1467 4556 asser·

358 4598 494 4675 uerunt,
512 4612 548 4662 se
564 4612 662 4682 super
677 4615 737 4662 sua
762 4595 894 4684 propria
918 4601 1006 4662 terra
1021 4615 1086 4665 non
1101 4617 1203 4685 posse
1219 4599 1416 4670 commorari,
1439 4591 1471 4662 si
1544 4655 1545 4660 ,
