3142 5164
664 957 743 1025 126.

142 1159 219 1224 Tevl
227 1157 376 1245 satanas
390 1157 633 1224 rtaabirtokoaoi
657 1157 800 1244 drdkstpo'
806 1159 908 1244 jopen
933 1156 994 1222 dirt
1010 1155 1170 1241 reseratos,
1186 1180 1208 1222 a
1222 1180 1270 1224 eo·

140 1267 250 1354 mopyi
264 1291 305 1336 aa
324 1265 434 1355 Epyed
458 1265 623 1350 koaoeatje
643 1263 723 1328 atto
749 1261 907 1350 devalljdk
923 1263 1043 1330 Balatro
1058 1263 1186 1351 Mituty
1203 1265 1268 1352 firi-

608 1371 682 1437 uolo.
701 1371 802 1436 1279.

249 1587 437 1657 Conuentus
463 1587 657 1674 Monasterij
674 1587 790 1656 Sancti
805 1585 916 1672 llgidij
943 1587 985 1654 de
1001 1585 1150 1674 Symigio
1167 1587 1269 1654 omni-

140 1691 203 1762 bns
219 1695 342 1763 Christi
357 1695 512 1766 fidelibus
537 1697 751 1784 presentibus
768 1697 894 1782 pariter
910 1701 944 1760 ot
966 1694 1084 1762 tuturis
1101 1702 1271 1780 presentes

140 1805 269 1870 litteras
286 1803 487 1890 inspecturis
513 1805 654 1872 salutem
671 1804 704 1870 in
720 1805 838 1871 salutis
865 1808 1008 1872 auetore.
1035 1801 1088 1869 Ad
1102 1803 1272 1871 uniuerso·

139 1931 213 1976 rum
239 1913 398 1978 noticiam
424 1919 535 1978 tenore
561 1911 772 2000 presencium
788 1911 939 1980 uolumus
965 1911 1139 1997 peruenire
1152 1963 1161 1996 ,
1187 1911 1272 1995 quod

140 2017 304 2104 magister
319 2019 453 2088 Blasius
469 2019 555 2088 filins
576 2020 759 2108 Myohaelis
786 2019 829 2086 ab
846 2039 913 2084 una
938 2025 1054 2104 parte,
1081 2015 1271 2103 Stephanus

140 2124 231 2192 lilius
248 2125 384 2194 Comitis
399 2129 529 2197 Andros
544 2127 604 2214 filij
621 2130 725 2213 Pers,
743 2129 836 2196 Boxa
851 2125 939 2193 filius
957 2127 1075 2212 Kynus
1084 2178 1094 2212 ,
1114 2125 1272 2192 Salomon

140 2233 231 2300 filins
248 2235 394 2321 Bulohn,
422 2239 502 2305 Paul
519 2240 604 2306 tilius
625 2236 781 2322 Ohekev,
808 2237 961 2304 Andreas
985 2236 1073 2302 filius
1089 2235 1274 2322 Myohaelis

140 2341 202 2427 filij
220 2339 347 2432 Ohyug‚
365 2347 486 2412 Isanoh
504 2347 588 2413 fitius
605 2345 713 2414 Ohetlr
723 2395 733 2432 ,
754 2347 871 2412 Petrus
889 2345 975 2412 filius
996 2341 1119 2426 Galus,
1136 2343 1273 2428 Egidins

143 2455 178 2514 et
194 2449 280 2538 Fyle
295 2453 355 2538 filij
373 2455 492 2535 Pousa,
508 2475 549 2520 ao
564 2455 738 2522 Lorandus
748 2453 836 2522 tilius
853 2453 1028 2540 Syoundus
1042 2451 1083 2517 de
1100 2449 1274 2518 villa'levl

143 2559 331 2644 etaltera,
355 2565 576 2648 personaliter
593 2564 636 2631 ad
652 2570 801 2630 noemam
828 2561 1026 2628 aecedentes
1052 2559 1272 2646 presenciam,

145 2667 286 2750 quilibet
301 2670 447 2738 uirorum
463 2673 683 2757 prediotorum
701 2669 741 2737 de
758 2673 827 2738 suis
844 2667 1070 2752 hereditariis,
1088 2667 1194 2736 vineis
1211 2669 1274 2734 soi-

145 2777 234 2860 lioet,
250 2779 346 2846 terris
362 2780 556 2862 arabilibus,
574 2789 607 2848 et
617 2780 786 2860 fenilibus,
801 2780 836 2846 in
853 2778 1018 2846 territorio
1029 2777 1176 2844 eiusdem
1193 2777 1274 2844 villa

145 2885 230 2954 'Peri
256 2888 494 2977 existentibus,
528 2898 625 2976 prout
648 2889 693 2956 ad
718 2889 854 2956 eosdem
885 2888 1051 2974 portinere
1083 2885 1273 2970 videbatur,

145 2995 412 3080 permittentibus
428 2999 577 3085 oognatis
593 2999 661 3066 suis
678 3006 709 3066 et
725 2997 843 3065 vieinis
860 2997 1023 3078 omnibus,
1042 2995 1275 3062 oonlessisunt

147 3121 183 3170 se
199 3103 393 3174 vendidisse
417 3107 575 3192 magistro
590 3107 703 3173 Blasio
720 3105 885 3173 antedioto
912 3109 946 3170 et
961 3105 1032 3172 eius
1049 3103 1225 3169 heredibus
1241 3105 1274 3168 in

147 3219 344 3297 perpetuum
368 3215 562 3300 possidere,
589 3223 624 3285 vt
639 3215 750 3282 verius
767 3223 800 3282 et
820 3213 951 3300 plenius
976 3213 1116 3279 situaoio
1133 3213 1275 3277 locorum

148 3321 295 3387 omnium
311 3325 564 3410 premissorum,
589 3331 622 3392 et
638 3326 806 3409 quantitas
834 3329 966 3409 reoepte
983 3320 1125 3406 poeunie
1140 3318 1276 3385 inferius

150 3428 383 3516 exprimentur.
410 3433 573 3502 Videlioet
589 3435 779 3522 Stephanus
805 3429 869 3499 dno
884 3434 1001 3516 iugera
1027 3435 1117 3496 terre
1144 3427 1178 3494 in
1203 3429 1276 3494 loeo

107 3583 110 3586 -
150 3537 290 3606 Saalma
313 3540 449 3625 apolato
488 3541 523 3622 in
562 3541 732 3609 vioinitate
771 3547 859 3607 terre
890 3537 1088 3623 Clementis,
1121 3554 1182 3622 pro
1213 3553 1274 3602 sex

149 3645 265 3732 pensis
281 3646 491 3716 denariorum
508 3649 694 3735 banalium;
718 3651 796 3716 item
811 3648 905 3716 Bora
920 3646 986 3712 tria
1001 3647 1118 3730 iugera
1134 3651 1223 3710 terre
1239 3643 1274 3706 in

150 3753 225 3821 loeo
241 3754 452 3825 Humnohaat
465 3763 593 3842 uooato,
611 3753 837 3824 distendonoia
847 3749 1136 3838 oumlongitudine
1152 3769 1173 3816 a
1189 3751 1276 3818 silua

152 3860 280 3929 'l'home
295 3883 399 3950 nsque
413 3867 503 3935 siam
518 3863 680 3935 Johannis
696 3865 873 3950 uulgariter
889 3865 1037 3936 Joanstn
1054 3865 1227 3947 uoeatam,
1244 3865 1279 3928 et

154 3970 225 4038 alia
249 3974 314 4040 trIa
335 3974 451 4060 iugera
476 3975 509 4043 in
535 3975 657 4042 limatis
681 3992 786 4060 prope
801 3974 916 4041 villam
943 3973 978 4040 in
996 3971 1168 4040 uioinitate
1191 3975 1279 4036 terre

153 4080 239 4148 Both
254 4083 316 4168 filij
333 4083 458 4153 (lhoom
472 4103 533 4173 pro
550 4082 722 4151 duodeoim
738 4084 852 4168 pensis
869 4079 1078 4149 denariorum
1089 4075 1276 4158 banalium;

152 4187 234 4254 item
252 4187 410 4260 Salomon
424 4211 524 4260 unum
540 4190 634 4279 inger
649 4197 737 4260 terre
747 4191 781 4257 in
796 4189 871 4258 looo
888 4187 1114 4257 Saalmatslue
1131 4184 1279 4272 apellato

152 4317 215 4382 pro
229 4298 359 4368 fertone
375 4307 409 4370 st
424 4299 591 4390 dymidio;
617 4301 695 4369 item
711 4301 795 4368 Paul
819 4319 918 4367 unum
939 4297 1041 4366 lenite
1064 4316 1125 4382 pro
1141 4294 1280 4362 dimidia

152 4423 269 4474 maroa
284 4414 319 4474 et
333 4409 451 4496 snoia;
475 4409 553 4478 item
570 4409 722 4478 Andreas
738 4407 840 4476 fenile
864 4427 925 4494 pro
945 4423 1068 4491 maroa,
1092 4409 1127 4471 et
1140 4401 1280 4487 fertone,

152 4515 245 4600 qnod
260 4514 326 4584 sihi
341 4515 376 4584 in
391 4515 554 4588 diuisione
570 4523 720 4588 cesserat
736 4537 810 4587 oum
825 4515 928 4583 Paulo
944 4513 1124 4598 antedioto,
1149 4511 1280 4598 permit-

145 4627 294 4699 tentibus
308 4625 430 4716 neoth,
445 4625 530 4714 lob,
544 4627 625 4714 dlijs
639 4627 766 4716 loseph
783 4631 817 4698 et
831 4619 1113 4798 Dyonisiollpptro
1129 4615 1277 4686 eiusdem
