<?xml version="1.0" encoding="UTF-8"?>
<!DOCTYPE html PUBLIC "-//W3C//DTD XHTML 1.0 Transitional//EN"
    "http://www.w3.org/TR/xhtml1/DTD/xhtml1-transitional.dtd">
<html xmlns="http://www.w3.org/1999/xhtml" xml:lang="en" lang="en">
 <head>
  <title>
</title>
<meta http-equiv="Content-Type" content="text/html;charset=utf-8" />
  <meta name='ocr-system' content='tesseract 3.04.00' />
  <meta name='ocr-capabilities' content='ocr_page ocr_carea ocr_par ocr_line ocrx_word'/>
</head>
<body>
  <div class='ocr_page' id='page_1' title='image "./codexdiplomatic08wenzgoog_0213.png"; bbox 0 0 3142 5164; ppageno 0'>
   <div class='ocr_carea' id='block_1_1' title="bbox 119 1151 1287 1356">
    <p class='ocr_par' dir='ltr' id='par_1_1' title="bbox 119 1151 1287 1356">
     <span class='ocr_line' id='line_1_1' title="bbox 119 1151 1287 1253; baseline 0.009 -33"><span class='ocrx_word' id='word_1_1' title='bbox 119 1153 188 1222; x_wconf 91' lang='grc' dir='ltr'><em>ΙΙΙ.</em></span> <span class='ocrx_word' id='word_1_2' title='bbox 214 1155 334 1224; x_wconf 73' lang='lat' dir='ltr'><strong>citata</strong></span> <span class='ocrx_word' id='word_1_3' title='bbox 355 1162 446 1244; x_wconf 82' lang='lat' dir='ltr'><strong>pdpc</strong></span> <span class='ocrx_word' id='word_1_4' title='bbox 471 1159 627 1232; x_wconf 74' lang='lat' dir='ltr'><strong>Lodocntr.</strong></span> <span class='ocrx_word' id='word_1_5' title='bbox 651 1163 853 1248; x_wconf 72' lang='lat' dir='ltr'><strong>oapyostrauli</strong></span> <span class='ocrx_word' id='word_1_6' title='bbox 864 1164 1050 1250; x_wconf 77' lang='lat' dir='ltr'><strong>ptepttlcoelc</strong></span> <span class='ocrx_word' id='word_1_7' title='bbox 1065 1167 1252 1253; x_wconf 80' lang='lat' dir='ltr'><strong>eraterpcmc&#39;</strong></span> <span class='ocrx_word' id='word_1_8' title='bbox 1286 1151 1287 1154; x_wconf 23' lang='lat'>¹</span> 
     </span>
     <span class='ocr_line' id='line_1_2' title="bbox 339 1266 1035 1356; baseline 0.007 -24"><span class='ocrx_word' id='word_1_9' title='bbox 339 1266 467 1332; x_wconf 46' lang='lat' dir='ltr'><strong>attrectet</strong></span> <span class='ocrx_word' id='word_1_10' title='bbox 479 1269 706 1336; x_wconf 71' lang='lat' dir='ltr'><strong>calmetatcectt</strong></span> <span class='ocrx_word' id='word_1_11' title='bbox 722 1271 908 1356; x_wconf 61' lang='lat' dir='ltr'><strong>coopertos.</strong></span> <span class='ocrx_word' id='word_1_12' title='bbox 936 1273 1035 1338; x_wconf 83' lang='lat'><em>1279.</em></span> 
     </span>
    </p>
   </div>
   <div class='ocr_carea' id='block_1_2' title="bbox 122 1479 1336 4612">
    <p class='ocr_par' dir='ltr' id='par_1_2' title="bbox 122 1479 1336 4612">
     <span class='ocr_line' id='line_1_3' title="bbox 233 1479 1255 1571; baseline 0.012 -25"><span class='ocrx_word' id='word_1_13' title='bbox 233 1479 393 1551; x_wconf 83' lang='lat' dir='ltr'><strong>Nicolaus</strong></span> <span class='ocrx_word' id='word_1_14' title='bbox 418 1483 608 1571; x_wconf 76' lang='lat' dir='ltr'><strong>Episcopus</strong></span> <span class='ocrx_word' id='word_1_15' title='bbox 635 1504 750 1556; x_wconf 88' lang='lat' dir='ltr'><strong>seruus</strong></span> <span class='ocrx_word' id='word_1_16' title='bbox 783 1507 949 1556; x_wconf 89' lang='lat' dir='ltr'><strong>seruorum</strong></span> <span class='ocrx_word' id='word_1_17' title='bbox 975 1489 1040 1556; x_wconf 91' lang='lat' dir='ltr'><strong>Dei</strong></span> <span class='ocrx_word' id='word_1_18' title='bbox 1072 1489 1255 1558; x_wconf 78' lang='lat' dir='ltr'><strong>venerabili</strong></span> 
     </span>
     <span class='ocr_line' id='line_1_4' title="bbox 123 1588 1253 1684; baseline 0.011 -30"><span class='ocrx_word' id='word_1_19' title='bbox 123 1588 221 1656; x_wconf 87' lang='lat' dir='ltr'><strong>iratri</strong></span> <span class='ocrx_word' id='word_1_20' title='bbox 246 1590 443 1662; x_wconf 89' lang='lat' dir='ltr'><strong>Lodomerio</strong></span> <span class='ocrx_word' id='word_1_21' title='bbox 468 1593 636 1680; x_wconf 75' lang='lat' dir='ltr'><strong>Episcopo</strong></span> <span class='ocrx_word' id='word_1_22' title='bbox 661 1597 827 1679; x_wconf 89' lang='lat' dir='ltr'><strong>quondam</strong></span> <span class='ocrx_word' id='word_1_23' title='bbox 843 1596 1064 1683; x_wconf 77' lang='lat' dir='ltr'><strong>waradiensi,</strong></span> <span class='ocrx_word' id='word_1_24' title='bbox 1091 1598 1253 1684; x_wconf 81' lang='lat' dir='ltr'><strong>Strigoni·</strong></span> 
     </span>
     <span class='ocr_line' id='line_1_5' title="bbox 123 1697 1250 1790; baseline 0.008 -26"><span class='ocrx_word' id='word_1_25' title='bbox 123 1698 198 1764; x_wconf 90' lang='lat' dir='ltr'><strong>ensi</strong></span> <span class='ocrx_word' id='word_1_26' title='bbox 213 1697 347 1781; x_wconf 91' lang='lat' dir='ltr'><strong>Electo,</strong></span> <span class='ocrx_word' id='word_1_27' title='bbox 374 1703 514 1768; x_wconf 88' lang='lat' dir='ltr'><strong>salutem</strong></span> <span class='ocrx_word' id='word_1_28' title='bbox 533 1711 567 1770; x_wconf 93' lang='lat' dir='ltr'><strong>et</strong></span> <span class='ocrx_word' id='word_1_29' title='bbox 583 1705 810 1790; x_wconf 85' lang='lat' dir='ltr'><strong>Apostolicem</strong></span> <span class='ocrx_word' id='word_1_30' title='bbox 828 1705 1101 1777; x_wconf 85' lang='lat' dir='ltr'><strong>benedictionem.</strong></span> <span class='ocrx_word' id='word_1_31' title='bbox 1119 1705 1172 1773; x_wconf 82' lang='lat' dir='ltr'><strong>Ad</strong></span> <span class='ocrx_word' id='word_1_32' title='bbox 1188 1705 1250 1773; x_wconf 90' lang='lat' dir='ltr'><strong>nti-</strong></span> 
     </span>
     <span class='ocr_line' id='line_1_6' title="bbox 122 1806 1254 1900; baseline 0.006 -26"><span class='ocrx_word' id='word_1_33' title='bbox 122 1809 191 1874; x_wconf 84' lang='lat' dir='ltr'><strong>lem</strong></span> <span class='ocrx_word' id='word_1_34' title='bbox 215 1806 437 1891; x_wconf 83' lang='lat' dir='ltr'><strong>provisionem</strong></span> <span class='ocrx_word' id='word_1_35' title='bbox 463 1811 703 1897; x_wconf 77' lang='lat' dir='ltr'><strong>strigoniensis</strong></span> <span class='ocrx_word' id='word_1_36' title='bbox 730 1811 899 1900; x_wconf 88' lang='lat' dir='ltr'><strong>Ecclesie,</strong></span> <span class='ocrx_word' id='word_1_37' title='bbox 926 1833 1021 1898; x_wconf 86' lang='lat' dir='ltr'><strong>quem</strong></span> <span class='ocrx_word' id='word_1_38' title='bbox 1039 1815 1139 1882; x_wconf 87' lang='lat' dir='ltr'><strong>etiam</strong></span> <span class='ocrx_word' id='word_1_39' title='bbox 1155 1813 1254 1882; x_wconf 88' lang='lat' dir='ltr'><strong>totius</strong></span> 
     </span>
     <span class='ocr_line' id='line_1_7' title="bbox 124 1912 1255 2011; baseline 0.01 -33"><span class='ocrx_word' id='word_1_40' title='bbox 124 1914 232 1998; x_wconf 75' lang='lat' dir='ltr'><strong>Regni</strong></span> <span class='ocrx_word' id='word_1_41' title='bbox 248 1912 400 2001; x_wconf 77' lang='lat' dir='ltr'><strong>Ungarie</strong></span> <span class='ocrx_word' id='word_1_42' title='bbox 412 1929 615 2006; x_wconf 89' lang='lat' dir='ltr'><strong>proventura</strong></span> <span class='ocrx_word' id='word_1_43' title='bbox 624 1924 755 2008; x_wconf 88' lang='lat' dir='ltr'><strong>exinde,</strong></span> <span class='ocrx_word' id='word_1_44' title='bbox 771 1929 807 1988; x_wconf 93' lang='lat' dir='ltr'><strong>ut</strong></span> <span class='ocrx_word' id='word_1_45' title='bbox 822 1930 984 2011; x_wconf 88' lang='lat' dir='ltr'><strong>speratur,</strong></span> <span class='ocrx_word' id='word_1_46' title='bbox 998 1923 1125 1991; x_wconf 86' lang='lat' dir='ltr'><strong>utilitas</strong></span> <span class='ocrx_word' id='word_1_47' title='bbox 1142 1925 1255 2010; x_wconf 81' lang='lat' dir='ltr'><strong>exigit,</strong></span> 
     </span>
     <span class='ocr_line' id='line_1_8' title="bbox 127 2027 1255 2118; baseline 0.009 -28"><span class='ocrx_word' id='word_1_48' title='bbox 127 2042 170 2092; x_wconf 91' lang='lat' dir='ltr'><strong>eo</strong></span> <span class='ocrx_word' id='word_1_49' title='bbox 187 2027 380 2111; x_wconf 87' lang='lat' dir='ltr'><strong>propensius</strong></span> <span class='ocrx_word' id='word_1_50' title='bbox 391 2032 572 2114; x_wconf 85' lang='lat' dir='ltr'><strong>pastoralis</strong></span> <span class='ocrx_word' id='word_1_51' title='bbox 587 2030 755 2100; x_wconf 84' lang='lat' dir='ltr'><strong>olfieiinos</strong></span> <span class='ocrx_word' id='word_1_52' title='bbox 767 2051 844 2100; x_wconf 91' lang='lat' dir='ltr'><strong>cura</strong></span> <span class='ocrx_word' id='word_1_53' title='bbox 864 2031 1033 2118; x_wconf 90' lang='lat' dir='ltr'><strong>sollicitat,</strong></span> <span class='ocrx_word' id='word_1_54' title='bbox 1046 2051 1110 2116; x_wconf 89' lang='lat' dir='ltr'><strong>quo</strong></span> <span class='ocrx_word' id='word_1_55' title='bbox 1126 2031 1168 2099; x_wconf 88' lang='lat' dir='ltr'><strong>ad</strong></span> <span class='ocrx_word' id='word_1_56' title='bbox 1180 2051 1255 2100; x_wconf 87' lang='lat' dir='ltr'><strong>eam</strong></span> 
     </span>
     <span class='ocr_line' id='line_1_9' title="bbox 127 2135 1256 2226; baseline 0.006 -28"><span class='ocrx_word' id='word_1_57' title='bbox 127 2154 195 2202; x_wconf 96' lang='lat' dir='ltr'><strong>non</strong></span> <span class='ocrx_word' id='word_1_58' title='bbox 212 2135 317 2202; x_wconf 86' lang='lat' dir='ltr'><strong>solum</strong></span> <span class='ocrx_word' id='word_1_59' title='bbox 333 2137 422 2204; x_wconf 84' lang='lat' dir='ltr'><strong>zelus</strong></span> <span class='ocrx_word' id='word_1_60' title='bbox 438 2139 564 2206; x_wconf 85' lang='lat' dir='ltr'><strong>excitat</strong></span> <span class='ocrx_word' id='word_1_61' title='bbox 578 2147 611 2207; x_wconf 93' lang='lat' dir='ltr'><strong>et</strong></span> <span class='ocrx_word' id='word_1_62' title='bbox 626 2142 830 2208; x_wconf 88' lang='lat' dir='ltr'><strong>couscientia</strong></span> <span class='ocrx_word' id='word_1_63' title='bbox 852 2146 950 2223; x_wconf 80' lang='lat' dir='ltr'><strong>urget</strong></span> <span class='ocrx_word' id='word_1_64' title='bbox 973 2141 1171 2226; x_wconf 83' lang='lat' dir='ltr'><strong>instantius,</strong></span> <span class='ocrx_word' id='word_1_65' title='bbox 1195 2138 1256 2208; x_wconf 89' lang='lat' dir='ltr'><strong>sed</strong></span> 
     </span>
     <span class='ocr_line' id='line_1_10' title="bbox 125 2243 1254 2337; baseline 0.005 -30"><span class='ocrx_word' id='word_1_66' title='bbox 125 2243 221 2308; x_wconf 84' lang='lat' dir='ltr'><strong>illam</strong></span> <span class='ocrx_word' id='word_1_67' title='bbox 238 2249 272 2310; x_wconf 92' lang='lat' dir='ltr'><strong>et</strong></span> <span class='ocrx_word' id='word_1_68' title='bbox 290 2243 450 2314; x_wconf 82' lang='lat' dir='ltr'><strong>instantia</strong></span> <span class='ocrx_word' id='word_1_69' title='bbox 466 2265 524 2316; x_wconf 91' lang='lat' dir='ltr'><strong>sue</strong></span> <span class='ocrx_word' id='word_1_70' title='bbox 539 2249 637 2316; x_wconf 90' lang='lat' dir='ltr'><strong>nobis</strong></span> <span class='ocrx_word' id='word_1_71' title='bbox 653 2269 719 2317; x_wconf 91' lang='lat' dir='ltr'><strong>non</strong></span> <span class='ocrx_word' id='word_1_72' title='bbox 735 2251 848 2337; x_wconf 85' lang='lat' dir='ltr'><strong>ignote</strong></span> <span class='ocrx_word' id='word_1_73' title='bbox 865 2249 1076 2318; x_wconf 76' lang='lat' dir='ltr'><strong>necessitatis</strong></span> <span class='ocrx_word' id='word_1_74' title='bbox 1093 2249 1254 2335; x_wconf 86' lang='lat' dir='ltr'><strong>exposcit.</strong></span> 
     </span>
     <span class='ocr_line' id='line_1_11' title="bbox 125 2349 1255 2440; baseline 0.004 -21"><span class='ocrx_word' id='word_1_75' title='bbox 125 2349 291 2420; x_wconf 86' lang='lat' dir='ltr'><strong>Novimus</strong></span> <span class='ocrx_word' id='word_1_76' title='bbox 307 2353 437 2438; x_wconf 91' lang='lat' dir='ltr'><strong>etenim,</strong></span> <span class='ocrx_word' id='word_1_77' title='bbox 454 2356 545 2440; x_wconf 90' lang='lat' dir='ltr'><strong>quod</strong></span> <span class='ocrx_word' id='word_1_78' title='bbox 562 2356 736 2425; x_wconf 79' lang='lat' dir='ltr'><strong>electionis</strong></span> <span class='ocrx_word' id='word_1_79' title='bbox 751 2355 792 2422; x_wconf 92' lang='lat' dir='ltr'><strong>de</strong></span> <span class='ocrx_word' id='word_1_80' title='bbox 809 2355 931 2425; x_wconf 91' lang='lat' dir='ltr'><strong>dilecto</strong></span> <span class='ocrx_word' id='word_1_81' title='bbox 946 2357 1013 2425; x_wconf 86' lang='lat' dir='ltr'><strong>filio</strong></span> <span class='ocrx_word' id='word_1_82' title='bbox 1029 2357 1167 2424; x_wconf 82' lang='lat' dir='ltr'><strong>Nicolao</strong></span> <span class='ocrx_word' id='word_1_83' title='bbox 1178 2359 1255 2425; x_wconf 91' lang='lat' dir='ltr'><strong>Pre-</strong></span> 
     </span>
     <span class='ocr_line' id='line_1_12' title="bbox 127 2457 1257 2544; baseline 0.007 -20"><span class='ocrx_word' id='word_1_84' title='bbox 127 2458 238 2544; x_wconf 91' lang='lat' dir='ltr'><strong>posito</strong></span> <span class='ocrx_word' id='word_1_85' title='bbox 262 2457 483 2532; x_wconf 82' lang='lat' dir='ltr'><strong>Transilvauo</strong></span> <span class='ocrx_word' id='word_1_86' title='bbox 510 2463 634 2532; x_wconf 93' lang='lat' dir='ltr'><strong>dudum</strong></span> <span class='ocrx_word' id='word_1_87' title='bbox 659 2466 692 2530; x_wconf 89' lang='lat' dir='ltr'><strong>in</strong></span> <span class='ocrx_word' id='word_1_88' title='bbox 714 2465 833 2533; x_wconf 86' lang='lat' dir='ltr'><strong>eadem</strong></span> <span class='ocrx_word' id='word_1_89' title='bbox 848 2465 1003 2534; x_wconf 88' lang='lat' dir='ltr'><strong>Ecclesia</strong></span> <span class='ocrx_word' id='word_1_90' title='bbox 1019 2465 1186 2533; x_wconf 87' lang='lat' dir='ltr'><strong>celebrate</strong></span> <span class='ocrx_word' id='word_1_91' title='bbox 1203 2483 1257 2532; x_wconf 90' lang='lat' dir='ltr'><strong>co·</strong></span> 
     </span>
     <span class='ocr_line' id='line_1_13' title="bbox 126 2564 1257 2658; baseline 0.004 -24"><span class='ocrx_word' id='word_1_92' title='bbox 126 2564 244 2653; x_wconf 79' lang='lat' dir='ltr'><strong>guitio,</strong></span> <span class='ocrx_word' id='word_1_93' title='bbox 260 2587 321 2654; x_wconf 89' lang='lat' dir='ltr'><strong>per</strong></span> <span class='ocrx_word' id='word_1_94' title='bbox 336 2569 434 2636; x_wconf 86' lang='lat' dir='ltr'><strong>varia</strong></span> <span class='ocrx_word' id='word_1_95' title='bbox 449 2572 659 2656; x_wconf 80' lang='lat' dir='ltr'><strong>subterfugia</strong></span> <span class='ocrx_word' id='word_1_96' title='bbox 680 2579 847 2658; x_wconf 86' lang='lat' dir='ltr'><strong>protracta</strong></span> <span class='ocrx_word' id='word_1_97' title='bbox 863 2573 995 2655; x_wconf 91' lang='lat' dir='ltr'><strong>diutius,</strong></span> <span class='ocrx_word' id='word_1_98' title='bbox 1021 2578 1132 2658; x_wconf 88' lang='lat' dir='ltr'><strong>utpote</strong></span> <span class='ocrx_word' id='word_1_99' title='bbox 1149 2569 1257 2640; x_wconf 82' lang='lat' dir='ltr'><strong>felicis</strong></span> 
     </span>
     <span class='ocr_line' id='line_1_14' title="bbox 127 2674 1256 2770; baseline 0.008 -29"><span class='ocrx_word' id='word_1_100' title='bbox 127 2674 368 2750; x_wconf 84' lang='lat' dir='ltr'><strong>reeordationis</strong></span> <span class='ocrx_word' id='word_1_101' title='bbox 384 2679 537 2768; x_wconf 80' lang='lat' dir='ltr'><strong>Gregorii</strong></span> <span class='ocrx_word' id='word_1_102' title='bbox 555 2685 646 2769; x_wconf 87' lang='lat' dir='ltr'><strong>Pape</strong></span> <span class='ocrx_word' id='word_1_103' title='bbox 661 2683 703 2750; x_wconf 86' lang='lat' dir='ltr'><strong>X.</strong></span> <span class='ocrx_word' id='word_1_104' title='bbox 720 2684 823 2751; x_wconf 91' lang='lat' dir='ltr'><strong>nostri</strong></span> <span class='ocrx_word' id='word_1_105' title='bbox 838 2682 1090 2770; x_wconf 89' lang='lat' dir='ltr'><strong>predecessoris</strong></span> <span class='ocrx_word' id='word_1_106' title='bbox 1101 2679 1256 2750; x_wconf 81' lang='lat' dir='ltr'><strong>inchoate</strong></span> 
     </span>
     <span class='ocr_line' id='line_1_15' title="bbox 126 2785 1257 2877; baseline 0.006 -27"><span class='ocrx_word' id='word_1_107' title='bbox 126 2785 333 2870; x_wconf 88' lang='lat' dir='ltr'><strong>temporibus</strong></span> <span class='ocrx_word' id='word_1_108' title='bbox 357 2796 390 2856; x_wconf 90' lang='lat' dir='ltr'><strong>et</strong></span> <span class='ocrx_word' id='word_1_109' title='bbox 415 2809 521 2877; x_wconf 85' lang='lat' dir='ltr'><strong>neque</strong></span> <span class='ocrx_word' id='word_1_110' title='bbox 547 2793 592 2860; x_wconf 89' lang='lat' dir='ltr'><strong>ad</strong></span> <span class='ocrx_word' id='word_1_111' title='bbox 610 2798 723 2859; x_wconf 89' lang='lat' dir='ltr'><strong>nostra</strong></span> <span class='ocrx_word' id='word_1_112' title='bbox 739 2792 895 2873; x_wconf 86' lang='lat' dir='ltr'><strong>deducta,</strong></span> <span class='ocrx_word' id='word_1_113' title='bbox 912 2794 1051 2862; x_wconf 86' lang='lat' dir='ltr'><strong>eandem</strong></span> <span class='ocrx_word' id='word_1_114' title='bbox 1068 2791 1257 2859; x_wconf 87' lang='lat' dir='ltr'><strong>Ecclesiam</strong></span> 
     </span>
     <span class='ocr_line' id='line_1_16' title="bbox 127 2894 1267 2984; baseline 0.002 -22"><span class='ocrx_word' id='word_1_115' title='bbox 127 2894 258 2964; x_wconf 91' lang='lat' dir='ltr'><strong>diutine</strong></span> <span class='ocrx_word' id='word_1_116' title='bbox 281 2900 466 2968; x_wconf 87' lang='lat' dir='ltr'><strong>vacationis</strong></span> <span class='ocrx_word' id='word_1_117' title='bbox 492 2900 626 2968; x_wconf 87' lang='lat' dir='ltr'><strong>vexavit</strong></span> <span class='ocrx_word' id='word_1_118' title='bbox 652 2899 886 2984; x_wconf 89' lang='lat' dir='ltr'><strong>incommodis,</strong></span> <span class='ocrx_word' id='word_1_119' title='bbox 908 2899 1036 2968; x_wconf 81' lang='lat' dir='ltr'><strong>attrivit</strong></span> <span class='ocrx_word' id='word_1_120' title='bbox 1061 2896 1198 2982; x_wconf 87' lang='lat' dir='ltr'><strong>iniuriis,</strong></span> <span class='ocrx_word' id='word_1_121' title='bbox 1224 2903 1267 2966; x_wconf 86' lang='lat' dir='ltr'><strong>et¹</strong></span> 
     </span>
     <span class='ocr_line' id='line_1_17' title="bbox 128 3003 1257 3096; baseline 0.001 -25"><span class='ocrx_word' id='word_1_122' title='bbox 128 3003 316 3089; x_wconf 89' lang='lat' dir='ltr'><strong>dispendiis</strong></span> <span class='ocrx_word' id='word_1_123' title='bbox 332 3006 501 3076; x_wconf 85' lang='lat' dir='ltr'><strong>immensis</strong></span> <span class='ocrx_word' id='word_1_124' title='bbox 518 3007 647 3094; x_wconf 84' lang='lat' dir='ltr'><strong>afflixit,</strong></span> <span class='ocrx_word' id='word_1_125' title='bbox 664 3017 800 3096; x_wconf 88' lang='lat' dir='ltr'><strong>propter</strong></span> <span class='ocrx_word' id='word_1_126' title='bbox 816 3007 903 3094; x_wconf 92' lang='lat' dir='ltr'><strong>quod</strong></span> <span class='ocrx_word' id='word_1_127' title='bbox 914 3027 974 3074; x_wconf 88' lang='lat' dir='ltr'><strong>nos</strong></span> <span class='ocrx_word' id='word_1_128' title='bbox 984 3005 1169 3076; x_wconf 90' lang='lat' dir='ltr'><strong>huiusmodi</strong></span> <span class='ocrx_word' id='word_1_129' title='bbox 1180 3006 1257 3073; x_wconf 89' lang='lat' dir='ltr'><strong>sub·</strong></span> 
     </span>
     <span class='ocr_line' id='line_1_18' title="bbox 128 3111 1258 3197; baseline 0.001 -19"><span class='ocrx_word' id='word_1_130' title='bbox 128 3111 283 3197; x_wconf 77' lang='lat' dir='ltr'><strong>tersugiis</strong></span> <span class='ocrx_word' id='word_1_131' title='bbox 293 3114 480 3185; x_wconf 85' lang='lat' dir='ltr'><strong>accomodis</strong></span> <span class='ocrx_word' id='word_1_132' title='bbox 491 3116 646 3184; x_wconf 87' lang='lat' dir='ltr'><strong>remediis</strong></span> <span class='ocrx_word' id='word_1_133' title='bbox 657 3117 720 3184; x_wconf 93' lang='lat' dir='ltr'><strong>iuri</strong></span> <span class='ocrx_word' id='word_1_134' title='bbox 736 3119 891 3186; x_wconf 83' lang='lat' dir='ltr'><strong>consonis</strong></span> <span class='ocrx_word' id='word_1_135' title='bbox 907 3121 1109 3196; x_wconf 88' lang='lat' dir='ltr'><strong>occurentes,</strong></span> <span class='ocrx_word' id='word_1_136' title='bbox 1125 3114 1258 3182; x_wconf 85' lang='lat' dir='ltr'><strong>taudem</strong></span> 
     </span>
     <span class='ocr_line' id='line_1_19' title="bbox 129 3219 1259 3309; baseline -0.004 -19"><span class='ocrx_word' id='word_1_137' title='bbox 129 3220 295 3290; x_wconf 89' lang='lat' dir='ltr'><strong>electione</strong></span> <span class='ocrx_word' id='word_1_138' title='bbox 319 3221 394 3309; x_wconf 88' lang='lat' dir='ltr'><strong>ipsa</strong></span> <span class='ocrx_word' id='word_1_139' title='bbox 418 3225 459 3292; x_wconf 92' lang='lat' dir='ltr'><strong>de</strong></span> <span class='ocrx_word' id='word_1_140' title='bbox 485 3224 624 3292; x_wconf 87' lang='lat' dir='ltr'><strong>fratrum</strong></span> <span class='ocrx_word' id='word_1_141' title='bbox 651 3231 838 3294; x_wconf 89' lang='lat' dir='ltr'><strong>nostrornm</strong></span> <span class='ocrx_word' id='word_1_142' title='bbox 865 3225 1022 3306; x_wconf 87' lang='lat' dir='ltr'><strong>consilio,</strong></span> <span class='ocrx_word' id='word_1_143' title='bbox 1049 3221 1176 3290; x_wconf 90' lang='lat' dir='ltr'><strong>iustitia</strong></span> <span class='ocrx_word' id='word_1_144' title='bbox 1191 3219 1259 3288; x_wconf 87' lang='lat' dir='ltr'><strong>exi-</strong></span> 
     </span>
     <span class='ocr_line' id='line_1_20' title="bbox 130 3329 1256 3418; baseline -0.004 -20"><span class='ocrx_word' id='word_1_145' title='bbox 130 3335 252 3414; x_wconf 77' lang='lat' dir='ltr'><strong>gente,</strong></span> <span class='ocrx_word' id='word_1_146' title='bbox 278 3338 432 3415; x_wconf 87' lang='lat' dir='ltr'><strong>cassata,</strong></span> <span class='ocrx_word' id='word_1_147' title='bbox 458 3338 493 3400; x_wconf 90' lang='lat' dir='ltr'><strong>et</strong></span> <span class='ocrx_word' id='word_1_148' title='bbox 515 3333 740 3418; x_wconf 85' lang='lat' dir='ltr'><strong>postulatione</strong></span> <span class='ocrx_word' id='word_1_149' title='bbox 765 3332 808 3401; x_wconf 92' lang='lat' dir='ltr'><strong>de</strong></span> <span class='ocrx_word' id='word_1_150' title='bbox 824 3330 1007 3399; x_wconf 86' lang='lat' dir='ltr'><strong>venerabili</strong></span> <span class='ocrx_word' id='word_1_151' title='bbox 1023 3329 1128 3400; x_wconf 73' lang='lat' dir='ltr'><strong>fratrc</strong></span> <span class='ocrx_word' id='word_1_152' title='bbox 1143 3333 1256 3396; x_wconf 88' lang='lat' dir='ltr'><strong>nostro</strong></span> 
     </span>
     <span class='ocr_line' id='line_1_21' title="bbox 132 3434 1259 3526; baseline -0.004 -20"><span class='ocrx_word' id='word_1_153' title='bbox 132 3487 140 3506; x_wconf 88' lang='lat'><strong>.</strong></span> <span class='ocrx_word' id='word_1_154' title='bbox 158 3485 167 3504; x_wconf 91' lang='lat'><strong>.</strong></span> <span class='ocrx_word' id='word_1_155' title='bbox 183 3483 193 3502; x_wconf 90' lang='lat'><strong>.</strong></span> <span class='ocrx_word' id='word_1_156' title='bbox 211 3434 450 3522; x_wconf 87' lang='lat' dir='ltr'><strong>Vesprimiensi</strong></span> <span class='ocrx_word' id='word_1_157' title='bbox 464 3439 632 3526; x_wconf 82' lang='lat' dir='ltr'><strong>Episcopo</strong></span> <span class='ocrx_word' id='word_1_158' title='bbox 648 3439 682 3506; x_wconf 91' lang='lat' dir='ltr'><strong>io</strong></span> <span class='ocrx_word' id='word_1_159' title='bbox 700 3439 818 3506; x_wconf 89' lang='lat' dir='ltr'><strong>eadem</strong></span> <span class='ocrx_word' id='word_1_160' title='bbox 834 3440 985 3508; x_wconf 87' lang='lat' dir='ltr'><strong>Ecclesia</strong></span> <span class='ocrx_word' id='word_1_161' title='bbox 1001 3437 1180 3520; x_wconf 83' lang='lat' dir='ltr'><strong>celebrato,</strong></span> <span class='ocrx_word' id='word_1_162' title='bbox 1191 3453 1259 3502; x_wconf 89' lang='lat' dir='ltr'><strong>non</strong></span> 
     </span>
     <span class='ocr_line' id='line_1_22' title="bbox 132 3542 1259 3635; baseline -0.003 -21"><span class='ocrx_word' id='word_1_163' title='bbox 132 3565 273 3634; x_wconf 88' lang='lat' dir='ltr'><strong>persone</strong></span> <span class='ocrx_word' id='word_1_164' title='bbox 290 3545 381 3631; x_wconf 89' lang='lat' dir='ltr'><strong>vitio,</strong></span> <span class='ocrx_word' id='word_1_165' title='bbox 399 3565 472 3612; x_wconf 92' lang='lat' dir='ltr'><strong>cum</strong></span> <span class='ocrx_word' id='word_1_166' title='bbox 489 3549 587 3614; x_wconf 86' lang='lat' dir='ltr'><strong>etiem</strong></span> <span class='ocrx_word' id='word_1_167' title='bbox 612 3547 781 3632; x_wconf 80' lang='lat' dir='ltr'><strong>cognitum</strong></span> <span class='ocrx_word' id='word_1_168' title='bbox 797 3547 897 3635; x_wconf 91' lang='lat' dir='ltr'><strong>plene</strong></span> <span class='ocrx_word' id='word_1_169' title='bbox 913 3547 956 3615; x_wconf 95' lang='lat' dir='ltr'><strong>de</strong></span> <span class='ocrx_word' id='word_1_170' title='bbox 972 3547 1045 3634; x_wconf 87' lang='lat' dir='ltr'><strong>ipsa</strong></span> <span class='ocrx_word' id='word_1_171' title='bbox 1062 3565 1131 3614; x_wconf 92' lang='lat' dir='ltr'><strong>uon</strong></span> <span class='ocrx_word' id='word_1_172' title='bbox 1148 3542 1259 3629; x_wconf 86' lang='lat' dir='ltr'><strong>fuerit,</strong></span> 
     </span>
     <span class='ocr_line' id='line_1_23' title="bbox 132 3654 1258 3740; baseline -0.004 -16"><span class='ocrx_word' id='word_1_173' title='bbox 132 3655 195 3724; x_wconf 88' lang='lat' dir='ltr'><strong>sed</strong></span> <span class='ocrx_word' id='word_1_174' title='bbox 211 3660 346 3740; x_wconf 89' lang='lat' dir='ltr'><strong>propter</strong></span> <span class='ocrx_word' id='word_1_175' title='bbox 361 3655 447 3722; x_wconf 87' lang='lat' dir='ltr'><strong>alias</strong></span> <span class='ocrx_word' id='word_1_176' title='bbox 463 3654 543 3722; x_wconf 79' lang='lat' dir='ltr'><strong>iacti</strong></span> <span class='ocrx_word' id='word_1_177' title='bbox 561 3655 827 3724; x_wconf 88' lang='lat' dir='ltr'><strong>circumstantias</strong></span> <span class='ocrx_word' id='word_1_178' title='bbox 847 3675 913 3723; x_wconf 93' lang='lat' dir='ltr'><strong>non</strong></span> <span class='ocrx_word' id='word_1_179' title='bbox 928 3654 1086 3740; x_wconf 86' lang='lat' dir='ltr'><strong>admissa,</strong></span> <span class='ocrx_word' id='word_1_180' title='bbox 1104 3672 1146 3720; x_wconf 89' lang='lat' dir='ltr'><strong>ne</strong></span> <span class='ocrx_word' id='word_1_181' title='bbox 1162 3672 1258 3720; x_wconf 87' lang='lat' dir='ltr'><strong>vaca·</strong></span> 
     </span>
     <span class='ocr_line' id='line_1_24' title="bbox 130 3759 1260 3852; baseline 0 -24"><span class='ocrx_word' id='word_1_182' title='bbox 130 3765 178 3833; x_wconf 91' lang='lat' dir='ltr'><strong>tio</strong></span> <span class='ocrx_word' id='word_1_183' title='bbox 194 3761 364 3852; x_wconf 88' lang='lat' dir='ltr'><strong>prolixior,</strong></span> <span class='ocrx_word' id='word_1_184' title='bbox 378 3781 477 3848; x_wconf 84' lang='lat' dir='ltr'><strong>quam</strong></span> <span class='ocrx_word' id='word_1_185' title='bbox 486 3763 676 3833; x_wconf 89' lang='lat' dir='ltr'><strong>verisimilis</strong></span> <span class='ocrx_word' id='word_1_186' title='bbox 689 3762 854 3832; x_wconf 88' lang='lat' dir='ltr'><strong>dissensio</strong></span> <span class='ocrx_word' id='word_1_187' title='bbox 865 3762 1103 3845; x_wconf 73' lang='lat' dir='ltr'><strong>strigoniensis</strong></span> <span class='ocrx_word' id='word_1_188' title='bbox 1115 3759 1260 3848; x_wconf 82' lang='lat' dir='ltr'><strong>capituli</strong></span> 
     </span>
     <span class='ocr_line' id='line_1_25' title="bbox 133 3870 1261 3956; baseline -0.003 -15"><span class='ocrx_word' id='word_1_189' title='bbox 133 3879 166 3941; x_wconf 93' lang='lat' dir='ltr'><strong>et</strong></span> <span class='ocrx_word' id='word_1_190' title='bbox 182 3871 330 3940; x_wconf 82' lang='lat' dir='ltr'><strong>nonnula</strong></span> <span class='ocrx_word' id='word_1_191' title='bbox 345 3872 414 3940; x_wconf 85' lang='lat' dir='ltr'><strong>alie</strong></span> <span class='ocrx_word' id='word_1_192' title='bbox 431 3872 652 3956; x_wconf 86' lang='lat' dir='ltr'><strong>minabantur,</strong></span> <span class='ocrx_word' id='word_1_193' title='bbox 670 3871 826 3956; x_wconf 80' lang='lat' dir='ltr'><strong>graviora</strong></span> <span class='ocrx_word' id='word_1_194' title='bbox 842 3871 949 3940; x_wconf 87' lang='lat' dir='ltr'><strong>eidem</strong></span> <span class='ocrx_word' id='word_1_195' title='bbox 965 3870 1116 3938; x_wconf 88' lang='lat' dir='ltr'><strong>Ecclesie</strong></span> <span class='ocrx_word' id='word_1_196' title='bbox 1132 3871 1261 3956; x_wconf 77' lang='lat' dir='ltr'><strong>ingere·</strong></span> 
     </span>
     <span class='ocr_line' id='line_1_26' title="bbox 133 3963 1336 4065; baseline 0.002 -19"><span class='ocrx_word' id='word_1_197' title='bbox 133 3986 188 4048; x_wconf 92' lang='lat' dir='ltr'><strong>ret</strong></span> <span class='ocrx_word' id='word_1_198' title='bbox 213 3979 430 4060; x_wconf 85' lang='lat' dir='ltr'><strong>detrimenta,</strong></span> <span class='ocrx_word' id='word_1_199' title='bbox 456 3979 521 4049; x_wconf 83' lang='lat' dir='ltr'><strong>hec</strong></span> <span class='ocrx_word' id='word_1_200' title='bbox 545 3977 618 4047; x_wconf 90' lang='lat' dir='ltr'><strong>vice</strong></span> <span class='ocrx_word' id='word_1_201' title='bbox 643 3979 867 4064; x_wconf 89' lang='lat' dir='ltr'><strong>provisionem</strong></span> <span class='ocrx_word' id='word_1_202' title='bbox 892 3980 997 4065; x_wconf 91' lang='lat' dir='ltr'><strong>ipsius</strong></span> <span class='ocrx_word' id='word_1_203' title='bbox 1015 3977 1165 4050; x_wconf 88' lang='lat' dir='ltr'><strong>Ecclesie</strong></span> <span class='ocrx_word' id='word_1_204' title='bbox 1181 3978 1261 4048; x_wconf 83' lang='lat' dir='ltr'><strong>Sedi</strong></span> <span class='ocrx_word' id='word_1_205' title='bbox 1332 3963 1336 3972; x_wconf 71' lang='grc'><strong>’</strong></span> 
     </span>
     <span class='ocr_line' id='line_1_27' title="bbox 133 4087 1260 4185; baseline -0.005 -25"><span class='ocrx_word' id='word_1_206' title='bbox 133 4089 328 4176; x_wconf 82' lang='lat' dir='ltr'><strong>Apostolice</strong></span> <span class='ocrx_word' id='word_1_207' title='bbox 354 4089 508 4157; x_wconf 88' lang='lat' dir='ltr'><strong>duximus</strong></span> <span class='ocrx_word' id='word_1_208' title='bbox 532 4087 782 4185; x_wconf 74' lang='lat' dir='ltr'><strong>reservandam.</strong></span> <span class='ocrx_word' id='word_1_209' title='bbox 799 4089 1033 4156; x_wconf 87' lang='lat' dir='ltr'><strong>Verumtamen</strong></span> <span class='ocrx_word' id='word_1_210' title='bbox 1046 4088 1091 4158; x_wconf 80' lang='lat' dir='ltr'><strong>ad</strong></span> <span class='ocrx_word' id='word_1_211' title='bbox 1106 4107 1186 4156; x_wconf 87' lang='lat' dir='ltr'><strong>eam</strong></span> <span class='ocrx_word' id='word_1_212' title='bbox 1201 4088 1260 4154; x_wconf 87' lang='lat' dir='ltr'><strong>ali·</strong></span> 
     </span>
     <span class='ocr_line' id='line_1_28' title="bbox 134 4195 1261 4284; baseline -0.005 -16"><span class='ocrx_word' id='word_1_213' title='bbox 134 4199 291 4284; x_wconf 83' lang='lat' dir='ltr'><strong>quamdiu</strong></span> <span class='ocrx_word' id='word_1_214' title='bbox 315 4199 494 4284; x_wconf 89' lang='lat' dir='ltr'><strong>procedere</strong></span> <span class='ocrx_word' id='word_1_215' title='bbox 518 4217 582 4265; x_wconf 92' lang='lat' dir='ltr'><strong>non</strong></span> <span class='ocrx_word' id='word_1_216' title='bbox 608 4199 680 4267; x_wconf 89' lang='lat' dir='ltr'><strong>sine</strong></span> <span class='ocrx_word' id='word_1_217' title='bbox 705 4215 807 4266; x_wconf 87' lang='lat' dir='ltr'><strong>causa</strong></span> <span class='ocrx_word' id='word_1_218' title='bbox 831 4195 1037 4282; x_wconf 88' lang='lat' dir='ltr'><strong>distulimus,</strong></span> <span class='ocrx_word' id='word_1_219' title='bbox 1063 4203 1100 4264; x_wconf 88' lang='lat' dir='ltr'><strong>ut</strong></span> <span class='ocrx_word' id='word_1_220' title='bbox 1115 4201 1261 4283; x_wconf 90' lang='lat' dir='ltr'><strong>tempore</strong></span> 
     </span>
     <span class='ocr_line' id='line_1_29' title="bbox 133 4305 1263 4395; baseline -0.005 -17"><span class='ocrx_word' id='word_1_221' title='bbox 133 4310 214 4378; x_wconf 79' lang='lat' dir='ltr'><strong>dato</strong></span> <span class='ocrx_word' id='word_1_222' title='bbox 238 4307 284 4375; x_wconf 89' lang='lat' dir='ltr'><strong>ad</strong></span> <span class='ocrx_word' id='word_1_223' title='bbox 308 4305 575 4378; x_wconf 80' lang='lat' dir='ltr'><strong>informationem</strong></span> <span class='ocrx_word' id='word_1_224' title='bbox 600 4307 826 4395; x_wconf 84' lang='lat' dir='ltr'><strong>recipiendam</strong></span> <span class='ocrx_word' id='word_1_225' title='bbox 852 4307 894 4375; x_wconf 91' lang='lat' dir='ltr'><strong>de</strong></span> <span class='ocrx_word' id='word_1_226' title='bbox 920 4325 1064 4393; x_wconf 91' lang='lat' dir='ltr'><strong>persona</strong></span> <span class='ocrx_word' id='word_1_227' title='bbox 1080 4305 1184 4392; x_wconf 89' lang='lat' dir='ltr'><strong>ipsius</strong></span> <span class='ocrx_word' id='word_1_228' title='bbox 1200 4305 1263 4372; x_wconf 90' lang='lat' dir='ltr'><strong>Ec·</strong></span> 
     </span>
     <span class='ocr_line' id='line_1_30' title="bbox 135 4413 1261 4503; baseline -0.006 -18"><span class='ocrx_word' id='word_1_229' title='bbox 135 4417 237 4485; x_wconf 90' lang='lat' dir='ltr'><strong>clesie</strong></span> <span class='ocrx_word' id='word_1_230' title='bbox 264 4416 380 4486; x_wconf 87' lang='lat' dir='ltr'><strong>honori</strong></span> <span class='ocrx_word' id='word_1_231' title='bbox 404 4424 438 4486; x_wconf 90' lang='lat' dir='ltr'><strong>et</strong></span> <span class='ocrx_word' id='word_1_232' title='bbox 463 4417 554 4486; x_wconf 89' lang='lat' dir='ltr'><strong>oneri</strong></span> <span class='ocrx_word' id='word_1_233' title='bbox 580 4425 801 4503; x_wconf 81' lang='lat' dir='ltr'><strong>congruente,</strong></span> <span class='ocrx_word' id='word_1_234' title='bbox 827 4423 950 4499; x_wconf 85' lang='lat' dir='ltr'><strong>quanto</strong></span> <span class='ocrx_word' id='word_1_235' title='bbox 975 4413 1146 4496; x_wconf 84' lang='lat' dir='ltr'><strong>maturius,</strong></span> <span class='ocrx_word' id='word_1_236' title='bbox 1169 4416 1261 4480; x_wconf 86' lang='lat' dir='ltr'><strong>tanto</strong></span> 
     </span>
     <span class='ocr_line' id='line_1_31' title="bbox 135 4519 1264 4612; baseline -0.01 -16"><span class='ocrx_word' id='word_1_237' title='bbox 135 4527 337 4612; x_wconf 90' lang='lat' dir='ltr'><strong>consultius,</strong></span> <span class='ocrx_word' id='word_1_238' title='bbox 362 4531 522 4610; x_wconf 88' lang='lat' dir='ltr'><strong>tantoque</strong></span> <span class='ocrx_word' id='word_1_239' title='bbox 548 4527 660 4595; x_wconf 90' lang='lat' dir='ltr'><strong>utilius</strong></span> <span class='ocrx_word' id='word_1_240' title='bbox 687 4527 779 4594; x_wconf 86' lang='lat' dir='ltr'><strong>iuxta</strong></span> <span class='ocrx_word' id='word_1_241' title='bbox 795 4531 911 4594; x_wconf 87' lang='lat' dir='ltr'><strong>nostre</strong></span> <span class='ocrx_word' id='word_1_242' title='bbox 925 4524 1093 4592; x_wconf 81' lang='lat' dir='ltr'><strong>desideria</strong></span> <span class='ocrx_word' id='word_1_243' title='bbox 1110 4519 1264 4588; x_wconf 88' lang='lat' dir='ltr'><strong>Ecclesie</strong></span> 
     </span>
    </p>
   </div>
   <div class='ocr_carea' id='block_1_3' title="bbox 134 4629 1261 4730">
    <p class='ocr_par' dir='ltr' id='par_1_3' title="bbox 134 4629 1261 4730">
     <span class='ocr_line' id='line_1_32' title="bbox 134 4629 1261 4730; baseline -0.003 -28"><span class='ocrx_word' id='word_1_244' title='bbox 134 4637 384 4730; x_wconf 85' lang='lat' dir='ltr'><strong>provideremus</strong></span> <span class='ocrx_word' id='word_1_245' title='bbox 400 4635 516 4709; x_wconf 79' lang='lat' dir='ltr'><strong>eidem.</strong></span> <span class='ocrx_word' id='word_1_246' title='bbox 536 4637 677 4710; x_wconf 83' lang='lat' dir='ltr'><strong>Domum</strong></span> <span class='ocrx_word' id='word_1_247' title='bbox 694 4638 802 4702; x_wconf 90' lang='lat' dir='ltr'><strong>autem</strong></span> <span class='ocrx_word' id='word_1_248' title='bbox 819 4631 973 4720; x_wconf 89' lang='lat' dir='ltr'><strong>personis</strong></span> <span class='ocrx_word' id='word_1_249' title='bbox 989 4629 1091 4700; x_wconf 87' lang='lat' dir='ltr'><strong>variis</strong></span> <span class='ocrx_word' id='word_1_250' title='bbox 1108 4629 1261 4698; x_wconf 77' lang='lat' dir='ltr'><strong>innostro</strong></span> 
     </span>
    </p>
   </div>
   <div class='ocr_carea' id='block_1_4' title="bbox 0 0 1593 5164">
    <p class='ocr_par' dir='ltr' id='par_1_4' title="bbox 0 0 1593 5164">
     <span class='ocr_line' id='line_1_33' title="bbox 0 0 1593 5164; baseline 0 0"><span class='ocrx_word' id='word_1_251' title='bbox 0 0 1593 5164; x_wconf 95' lang='lat' dir='ltr'><strong> </strong></span> 
     </span>
    </p>
   </div>
  </div>
 </body>
</html>
