3156 5158
819 378 828 386 ,
848 375 974 384 ...-η.-ι-----

335 479 420 546 alios
445 481 569 550 irruens
593 481 626 550 in
650 471 826 550 adversum
852 483 1030 554 exereitum
1056 485 1143 552 tales
1159 485 1273 553 titulos
1287 486 1453 574 triumphi,

336 591 501 675 talemque
526 591 657 658 laudem
678 591 818 660 obtinuit
833 593 992 673 victorie,
1017 615 1156 676 quornm
1175 594 1364 663 memoriam
1390 617 1456 662 non

335 700 429 767 tollet
444 699 563 768 obliuio
580 702 613 767 in
630 691 787 769 eternum.
797 702 860 782 Qui
869 685 946 772 lieet
958 705 1034 772 hine
1049 703 1126 771 inde
1141 707 1386 790 impugnaretur
1395 755 1405 788 ,
1421 713 1456 771 et

335 817 513 896 pugnaret,
538 810 651 878 Belam
677 816 788 878 tamen
815 811 941 879 Dneem
967 819 1044 880 tnne
1069 813 1216 880 intimum
1234 816 1337 898 patris
1352 815 1456 880 nostri
1518 871 1522 879 .

335 918 550 998 defensorem,
566 925 601 985 et
616 917 749 986 militem
776 927 954 1000 strennum,
970 921 1043 988 eius
1059 939 1145 1004 eque
1162 922 1196 988 in
1214 921 1301 987 bello
1317 927 1455 1007 mortno,

335 1027 407 1112 ipse
424 1027 582 1110 magister
596 1028 712 1096 Petrus
728 1027 770 1094 de
787 1028 894 1096 medio
910 1048 1016 1117 enney
1026 1051 1085 1117 per
1099 1031 1296 1116 probitatem
1313 1049 1406 1097 snam
1423 1038 1456 1096 et

333 1136 483 1204 virtutem
500 1136 665 1222 propriam
681 1135 817 1204 redemit
828 1145 861 1203 et
876 1138 1014 1206 reduxit.
1027 1139 1180 1207 Ceterum
1191 1146 1269 1226 post
1283 1138 1455 1204 decessum

334 1245 482 1331 ejusdem
499 1245 604 1330 patris
620 1246 723 1314 nostri
739 1247 834 1314 nobis
850 1247 894 1314 ad
911 1265 1062 1315 eoronam
1079 1248 1216 1334 Regiam
1234 1254 1268 1316 et
1283 1247 1388 1330 Regni
1404 1266 1456 1313 so-

333 1355 415 1422 lium
431 1375 491 1441 per
507 1357 751 1424 suceessionem
776 1355 1007 1424 hereditariam
1023 1375 1081 1424 seu
1097 1355 1212 1424 ordine
1228 1357 1378 1441 geniture
1394 1374 1451 1421 an-

334 1471 453 1532 nuente
478 1464 620 1533 Domino
635 1465 832 1549 sublimatis,
854 1485 926 1533 oum
942 1485 965 1533 a
979 1465 1172 1535 dileccionis
1190 1463 1404 1531 retribucione
1422 1471 1456 1531 et

333 1571 503 1639 fidelitatis
528 1590 681 1657 munere,
708 1573 827 1658 quibus
852 1574 939 1641 idem
956 1575 1113 1658 magister
1129 1575 1243 1641 Petrus
1259 1579 1392 1658 propter
1407 1581 1455 1639 tot

333 1681 517 1750 meritorum
528 1701 661 1750 suorum
674 1682 912 1768 prerogativam
929 1701 950 1748 a
966 1683 1059 1750 nobis
1075 1679 1234 1750 fovendus
1250 1681 1367 1762 luerat,
1384 1681 1454 1764 qni-

332 1789 407 1856 dam
434 1790 534 1858 emuli
560 1791 609 1858 sui
634 1791 746 1875 iniqua
772 1789 1043 1860 eoniederaeione
1064 1789 1150 1859 {alsa
1165 1795 1402 1875 suggerentes3
1420 1796 1455 1855 et

333 1899 550 1982 instigaoione
566 1898 645 1966 felle
661 1899 761 1985 plena
776 1900 919 1967 animum
936 1906 1081 1967 nostrum
1098 1899 1305 1982 avertissent,
1321 1917 1395 1964 oum
1411 1898 1456 1964 de

333 2013 515 2074 nostrorum
531 2007 674 2076 bdelium
691 2008 922 2092 oontnberuio,
940 2016 974 2076 et
997 2009 1039 2074 de
1055 2008 1152 2076 domo
1168 2013 1281 2076 nostra
1307 2005 1452 2075 oooasio·
1573 2051 1574 2096 ,

334 2114 455 2185 naliter
470 2137 534 2184 non
552 2135 593 2182 ex
607 2135 709 2186 eausa
720 2117 866 2202 effugare
874 2117 1078 2210 studuissent
1096 2117 1259 2204 privatum
1274 2113 1453 2183 bonoribus
1573 2113 1574 2146 ³

334 2233 368 2293 et
390 2225 586 2310 magistratu
612 2225 863 2313 Dapiierorum,
888 2225 1004 2311 quibus
1027 2226 1071 2294 ab
1097 2226 1212 2294 eodem
1229 2231 1324 2311 patre
1339 2230 1454 2290 nostro
1573 2253 1574 2268 κ

333 2333 429 2420 digne
454 2333 561 2402 inerat
585 2335 800 2419 sublimatus;
816 2335 889 2422 ipse
906 2337 941 2402 in
956 2332 1142 2401 huiusmodi
1158 2332 1362 2401 adversitate
1376 2353 1453 2400 eon·

334 2445 463 2510 stitutus
479 2439 647 2512 fidelitatis
663 2461 722 2512 sne
738 2442 897 2529 meritum,
912 2449 945 2508 et
960 2443 1190 2526 obsequiorum
1206 2441 1377 2528 premium,
1393 2440 1455 2508 ire·
1573 2475 1574 2506 r

334 2554 485 2634 quentem
501 2550 672 2637 sauguinis
688 2551 738 2618 sui
754 2550 944 2620 effusionem
977 2570 1099 2620 eavens
1115 2571 1157 2619 ex
1181 2549 1377 2618 innoeeneia
1403 2549 1457 2616 in·
1573 2585 1574 2590 =

334 2659 422 2726 volvi
447 2658 622 2726 oblivionis
637 2659 769 2740 nubilo,
786 2663 818 2726 iu
845 2655 1000 2747 („quam“
1023 2656 1164 2746 helpett)
1181 2658 1266 2726 vioio
1282 2657 1455 2744 ingratitu-

334 2765 421 2834 dinis
436 2767 592 2834 uraeulari
614 2785 744 2853 semper
759 2768 879 2834 mansit
902 2767 997 2836 nobis
1023 2767 1055 2833 in
1083 2767 1212 2836 feruore
1226 2763 1405 2850 fidelitatis,
1423 2772 1456 2832 et

334 2874 410 2942 aliis
435 2893 518 2960 quos
544 2876 808 2944 exaltaveramns
833 2875 922 2943 ultra
942 2876 1090 2942 meritum
1106 2874 1202 2943 nobis
1217 2871 1454 2942 rebellantibus

333 2984 424 3052 solus
439 2984 511 3073 ipse
526 2985 684 3070 magister
699 2983 815 3052 Petrus
826 3005 877 3071 ea,
894 3004 958 3070 que
974 2984 1037 3053 sibi
1053 2985 1102 3053 sie
1126 2982 1285 3071 injuriose
1300 2983 1454 3064 inrogata

334 3093 482 3178 fuerant,
507 3113 565 3182 pro
581 3093 791 3180 beneplacito
807 3094 986 3162 voluntatis
1002 3102 1112 3164 nostre
1121 3143 1131 3176 ,
1148 3092 1227 3162 lieet
1243 3113 1308 3160 nen
1324 3093 1453 3178 absque

335 3201 444 3272 eordts
459 3202 678 3270 amaritudine
694 3203 908 3287 equanimiter
924 3205 1086 3271 toleravit.
1097 3203 1217 3270 'Verum
1234 3201 1333 3284 igitur
1350 3197 1390 3286 (t)
1400 3221 1455 3288 pe-

334 3319 425 3380 raeto
441 3311 580 3380 alieuius
611 3312 767 3400 temporis
793 3311 955 3382 eurrieulo
982 3313 1025 3380 ab
1050 3312 1177 3378 illorum
1202 3309 1375 3395 manibus,
1401 3309 1455 3392 qui

335 3439 394 3489 nos
419 3439 627 3507 nequaqnam
652 3421 736 3490 bene
761 3421 1012 3506 gubernabant,
1038 3421 1163 3506 erepti,
1180 3437 1252 3486 eum
1268 3419 1354 3485 inter
1369 3418 1454 3486 alios

332 3529 568 3602 sollieitudines
584 3539 714 3602 nostras
725 3533 928 3618 oepissemus
943 3533 1030 3600 intra
1044 3531 1163 3599 mentis
1179 3537 1288 3598 nostre
1303 3528 1451 3596 arebant

335 3641 503 3708 revolvere
518 3649 551 3708 et
566 3660 708 3727 pensare
722 3642 757 3708 in
773 3641 892 3725 animo,
908 3639 1050 3726 qualiter
1065 3641 1153 3709 idem
1162 3639 1321 3724 magister
1336 3637 1453 3706 Petrus

336 3750 387 3815 eni
403 3748 633 3832 obsequiorum
650 3749 874 3817 remuneraeio
900 3747 945 3815 ad
960 3755 1110 3837 tempora
1125 3753 1237 3815 nostra
1261 3745 1379 3814 oelitus
1395 3745 1456 3813 fnit

336 3862 516 3941 reservata,
532 3857 603 3924 sine
619 3875 755 3925 exoessn
772 3876 832 3926 sno
847 3858 998 3944 privatus
1013 3863 1084 3925 erat
1094 3855 1271 3924 bonoribus
1282 3854 1453 3937 etqnibus·

337 3965 412 4032 dem
437 3967 700 4051 possessionibus
716 3968 796 4052 suis,
814 3965 911 4036 aede
936 3967 1030 4033 domo
1056 3971 1168 4033 nostre
1193 3961 1453 4047 oeoasioneliter,

336 4079 420 4146 sieut
434 4077 650 4162 premisimus,
668 4077 848 4164 effugatus,
875 4085 908 4144 et
923 4075 1065 4160 qualiter
1080 4072 1267 4144 huiusmodi
1276 4070 1454 4140 vindiotam

335 4185 455 4254 iniuria
478 4185 706 4254 amaritudinis
733 4206 796 4252 non
821 4203 957 4254 vaeuam
982 4183 1045 4251 sibi
1072 4201 1113 4250 ex
1134 4181 1273 4250 aliorum
1288 4179 1457 4248 mortifera

336 4293 453 4364 fraude
476 4295 695 4380 exungitatam
720 4313 780 4381 pro
803 4292 897 4363 nobis
914 4293 1069 4361 sustinuit
1083 4291 1272 4380 pasienter,
1287 4289 1456 4358 revooavi-

334 4421 407 4470 mus
422 4422 516 4488 eum,
542 4405 619 4487 quia
634 4401 667 4469 in
682 4405 774 4471 nullo
789 4409 904 4471 eontra
918 4409 1064 4471 nostram
1079 4401 1286 4468 Maiestatem
1301 4395 1460 4486 apparuit

337 4513 531 4597 ereessirse,
548 4515 620 4580 sine
636 4521 715 4580 nota
740 4517 775 4578 et
790 4510 1118 4598 irreprehensibiliter
1136 4507 1345 4575 demorando.
1363 4506 1406 4573 tlt
1422 4513 1459 4572 ut

334 4621 517 4712 prenotatis
533 4629 566 4689 et
579 4621 695 4694 multis
708 4621 785 4690 aliis
800 4621 930 4692 astibus
945 4619 1015 4688 suis
1025 4616 1200 4688 meritoriis
1216 4635 1277 4702 per
1290 4635 1362 4700 nos,
1379 4615 1461 4684 lieet
