3142 5164
896 249 959 324 162

842 355 1004 367 ῌ--ὴσ-Ιβ

358 445 592 522 Archidiaconi
604 503 613 537 ,
637 451 934 539 Archipresbiteri,
960 451 1097 522 Plebani
1123 457 1157 520 et
1181 451 1240 521 alii
1259 446 1478 520 Ecclesiarum

358 560 493 648 Prelati,
520 579 697 646 eorumque
723 563 815 632 vices
831 568 1005 650 gerentes,
1032 581 1072 630 ao
1096 581 1237 650 persone
1256 557 1476 630 ecclesiastice

356 669 511 755 religiose
538 678 570 738 et
595 671 783 755 seculares,
808 671 1034 742 Ecclesiarum
1051 679 1085 738 et
1099 671 1371 740 Monasteriorum
1390 667 1477 753 Gepi-

273 865 279 878 .
357 778 429 845 tula
445 783 478 844 et
494 776 683 848 Conventus
701 782 845 868 exempti
861 787 894 848 et
909 802 980 850 nou
996 783 1150 866 exempti,
1161 779 1403 863 cisterciensis,
1414 777 1476 846 cu-
1541 837 1542 848 2

356 887 541 972 niaoensis,
559 890 802 968 cartusiensis,
818 889 1137 958 Premoustrateusis
1150 939 1160 975 ,
1175 887 1290 957 Sancti
1304 885 1475 966 Benedicti,
1541 965 1542 976 ἵ

357 995 469 1063 Sancti
485 995 661 1080 Augustini
679 1006 710 1064 et
727 1001 865 1066 aliorum
881 997 1050 1081 Ordinem,
1061 1017 1191 1065 necnon
1201 996 1351 1082 Magistri
1366 993 1475 1063 etPrc-
1541 1007 1542 1046 l

356 1111 506 1190 ceptores
521 1105 638 1173 Militie
653 1105 791 1192 Templi,
803 1107 989 1193 Hospitalis
1007 1106 1124 1176 Sancti
1139 1104 1305 1176 Johannis
1319 1103 1474 1172 Jeroeolo·
1541 1139 1542 1172 ι

358 1213 484 1300 mitani,
502 1213 625 1281 Sancte
642 1215 748 1282 Marie
765 1215 1042 1284 Theotonicorum
1058 1224 1092 1282 et
1110 1231 1391 1301 quorumcumque
1405 1209 1475 1279 allo·
1541 1219 1542 1228 ³

356 1341 425 1389 rum
440 1321 586 1390 locorum
601 1323 901 1392 ecclesiastieorum
927 1323 1134 1392 contribuere
1161 1323 1197 1390 in
1214 1319 1473 1390 subventionibus

354 1431 542 1499 huiusmodi
566 1438 752 1500 teneantur.
781 1434 837 1502 Sic
862 1433 978 1520 itaque
1004 1435 1195 1502 mundatum
1212 1436 1358 1500 nostrum
1374 1425 1471 1498 eldea·

250 1575 253 1583 ·
356 1540 438 1609 citer
461 1539 648 1627 adimplere
673 1542 812 1625 curetis,
838 1543 926 1624 quod
952 1539 1098 1627 possetis
1124 1539 1243 1609 exinde
1268 1537 1384 1604 merito
1399 1555 1472 1602 coru·
1541 1553 1542 1560 ¹

354 1648 514 1719 mendari.
532 1650 688 1734 Alioquin
707 1651 915 1734 sententiam,
939 1671 1038 1734 quem
1062 1649 1147 1718 idem
1174 1653 1310 1734 propter
1334 1647 1396 1713 boc
1419 1645 1472 1709 rite

353 1759 467 1826 tulerit
482 1759 516 1825 in
532 1760 687 1840 rebelles,
704 1767 812 1828 ratam
837 1760 1034 1830 habebimus
1050 1767 1084 1828 et
1101 1761 1272 1842 iaciemus,
1288 1763 1399 1825 actore
1414 1753 1470 1819 Do·

355 1867 443 1934 mino
453 1915 464 1952 ,
488 1885 593 1950 usque
619 1868 663 1935 ad
684 1867 943 1938 satisfactionem
960 1869 1156 1956 condignam
1172 1865 1407 1936 inviolabiliter
1421 1861 1470 1930 ob·

354 1975 489 2044 servari.
514 1976 587 2043 Non
614 1977 767 2045 obstante
782 1977 810 2043 si
826 1977 992 2062 aliquibus
1010 1985 1061 2045 est
1075 1977 1118 2046 ab
1137 1975 1255 2045 eadem
1270 1975 1358 2044 Sede
1374 1967 1469 2038 indul·

354 2093 433 2167 tum,
460 2084 547 2168 quod
571 2083 705 2168 Legatis
731 2087 785 2154 uel
809 2086 942 2156 Nuntiis
959 2087 1059 2156 Sedis
1075 2088 1181 2174 ipsius
1200 2085 1347 2170 aliquam
1365 2097 1469 2166 procu·

351 2193 512 2261 rationem
539 2194 704 2278 exhibere,
732 2197 786 2261 vel
802 2195 835 2261 in
852 2196 958 2283 ipsam
974 2198 1193 2280 contribuere,
1211 2193 1278 2261 nisi
1293 2193 1338 2260 ad
1353 2207 1409 2260 eos
1424 2187 1471 2255 dc·

352 2302 574 2388 elinaverunt,
591 2301 723 2368 minime
740 2309 934 2390 teneantur,
951 2325 1011 2375 scu
1028 2304 1118 2391 quod
1133 2301 1309 2385 interdici,
1325 2294 1469 2386 suspendi

349 2413 404 2481 vel
421 2410 696 2480 excommunicari
710 2431 778 2478 non
796 2413 924 2500 possint
940 2433 999 2501 per
1017 2414 1146 2481 litteras
1163 2409 1399 2499 Apostolicas,
1415 2423 1470 2489 que

350 2521 394 2589 de
418 2519 547 2586 indulto
572 2519 777 2604 huiusmodi,
804 2527 939 2605 totoque
963 2528 1076 2589 tenore
1101 2521 1206 2607 ipsius
1221 2519 1353 2605 plenam
1372 2521 1469 2580 eter-

349 2647 499 2715 pressam
524 2648 590 2694 uon
615 2627 754 2694 fecerint
780 2631 998 2717 mentionem,
1023 2649 1081 2696 seu
1106 2629 1272 2713 aliquibus
1297 2621 1469 2713 privilegiis

350 2735 605 2820 quibuscumque
621 2737 784 2825 personis,
800 2737 884 2808 loeis
901 2740 955 2806 vel
973 2738 1146 2806 ordinibus
1162 2739 1224 2805 snb
1241 2734 1357 2821 quavis
1373 2733 1470 2799 forma

351 2845 527 2912 verborum
552 2845 595 2910 ab
621 2846 733 2912 eudem
769 2847 851 2915 sede
876 2849 1055 2932 concessis,
1084 2846 1263 2929 dequibus
1281 2855 1470 2927 quorumque

351 2952 431 3021 totis
447 2952 618 3022 tenoribus
634 2954 669 3020 in
680 2959 803 3025 nostris
818 2955 938 3024 litteris
954 2955 1114 3044 specialis
1128 2953 1252 3021 mentio
1264 2944 1469 3026 sitbabonda,

351 3070 386 3129 et
409 3080 469 3146 per
493 3081 556 3145 qne
581 3079 719 3149 presens
738 3065 925 3132 mandatum
941 3073 1088 3133 nostrum
1106 3061 1352 3147 quomodolibet
1367 3055 1470 3124 ualeat

350 3169 510 3255 impediri.
535 3169 659 3236 Datum
676 3168 816 3239 Viterbii
831 3173 874 3240 X.
891 3173 1065 3241 Kalendas
1080 3171 1245 3240 Octobris.
1261 3167 1468 3238 Pontificatur

350 3279 455 3347 nostri
471 3297 556 3347 anuo
572 3279 689 3364 primo.

440 3470 502 3548 (III.
514 3473 621 3530 Miklds
634 3471 713 3546 pdpa
725 3473 916 3548 Regestdibdl
928 3475 1055 3534 'I'heiner
1066 3475 1104 3532 id.
1118 3493 1155 3532 m.
1168 3475 1190 3534 l.
1202 3473 1264 3534 kut.
1278 3471 1340 3530 336.
1354 3470 1389 3544 l.)
