3142 5164
651 897 713 962 95.

110 1110 175 1199 38)
193 1111 223 1177 A
232 1115 327 1202 pcipe
343 1111 469 1178 rander
485 1110 616 1200 eyybdaa'
624 1109 762 1206 fdorolcdt
772 1111 926 1198 feirzdltt,
942 1113 1021 1202 legg
1040 1114 1178 1205 strupo
1192 1114 1247 1179 led·

461 1221 577 1307 vetsegi
590 1221 738 1308 Egyeiben
758 1223 900 1308 replete.

225 1435 382 1505 Nicolaus
399 1435 584 1524 Episcopus
600 1457 717 1506 seruus
728 1457 897 1506 seruorum
916 1435 980 1506 Dei
999 1437 1245 1508 venerabilibus

115 1544 280 1614 iratribus
297 1545 511 1631 Patriarohis,
527 1547 792 1635 Archiepisoopis
809 1552 843 1614 et
858 1545 1042 1632 Episcopis‚
1059 1567 1099 1615 ao
1114 1547 1247 1614 dilectis

114 1652 197 1720 filiis
211 1653 345 1740 Electis,
356 1655 553 1737 Abbatibus,
567 1655 745 1740 Prioribus,
757 1656 911 1740 Decanis,
925 1655 1116 1742 Prepositis,
1133 1655 1247 1724 Archi·
1310 1670 1312 1674 ·
1357 1646 1364 1658 '

114 1762 282 1849 diaconis,
293 1761 597 1850 Archipresbiteris,
608 1763 765 1830 Plebanis
777 1772 810 1830 et
820 1761 893 1831 aliis
904 1764 1129 1831 Ecclesiarum
1138 1764 1247 1833 Prela·

112 1869 160 1937 tis
177 1875 333 1936 eteorum
343 1870 435 1938 vices
445 1871 634 1956 gerentibus
646 1891 687 1938 ao
697 1871 935 1940 ecclesiasticis
951 1873 1103 1958 personis
1114 1869 1246 1956 religio·

115 1979 165 2045 sis
176 1985 211 2046 et
220 1979 437 2061 secularibus,
454 1985 488 2044 et
499 1979 576 2048 aliis
588 1979 812 2046 Ecclesiamm
824 1981 1135 2048 etlllonasteriorum
1147 1978 1245 2066 (lapi-

113 2088 197 2154 tulis
213 2093 245 2152 et
261 2088 485 2155 conventibus
504 2089 668 2175 exemptis
679 2095 712 2155 et
728 2107 794 2154 non
811 2088 985 2174 exemptis,
1006 2087 1248 2169 cisterciensis,

114 2193 368 2279 cluniacensis,
387 2193 611 2264 Gartnsiensis
622 2245 630 2280 ,
654 2197 967 2264 Premonstratenuis
978 2245 987 2281 ,
1009 2196 1124 2264 Sancti
1144 2195 1249 2262 Benc-

116 2302 207 2386 dicti,
225 2301 338 2371 Sancti
354 2305 529 2389 Augustini
540 2305 733 2372 aealiorum
750 2303 919 2390 Ordinum,
939 2325 1066 2372 necnon
1083 2304 1250 2388 Magistris

116 2415 152 2476 et
168 2409 424 2496 Praecptoribus
434 2413 552 2480 lllilitie
567 2413 696 2500 Templi
707 2419 741 2480 et
755 2414 940 2499 Hospitalis
956 2413 1070 2480 Sancti
1085 2413 1251 2481 Johannis

116 2517 411 2605 Jerosolomitaui,
438 2528 471 2587 et
491 2522 595 2589 Beate
611 2523 715 2589 Mario
732 2523 1019 2605 Tbeutonicornnr,
1035 2523 1081 2591 ad
1097 2543 1180 2608 qnos
1196 2522 1248 2588 lit·

116 2634 189 2694 tere
206 2629 271 2694 isle
286 2631 501 2714 pervenirent
517 2632 658 2698 salutem
685 2637 717 2696 et
731 2632 960 2718 Apostolieam
976 2631 1249 2699 benedictionem.

118 2735 203 2804 (lum
238 2738 462 2806 uenerabilem
496 2739 631 2806 fratrem
660 2747 806 2807 nostrum
834 2741 1021 2829 Philippum
1047 2741 1250 2826 Episcopum

116 2847 311 2912 Firmanum
338 2847 531 2935 Apostolice
559 2847 657 2914 Sedis
674 2845 846 2932 Legatum,
864 2869 924 2935 pro
940 2851 1071 2933 magnis
1087 2855 1120 2916 et
1135 2847 1249 2916 arduis

119 2954 275 3023 Ecclesie
285 2953 435 3022 Romane
451 2955 594 3039 negotiis
610 2955 822 3042 destinemus,
841 2958 1092 3026 universitatem
1107 2963 1253 3025 vestram

119 3082 280 3147 rogamus
306 3069 341 3129 et
364 3063 532 3130 hortamur
559 3070 704 3150 attente,
730 3083 790 3152 per
805 3064 999 3151 Apostolioa
1014 3065 1108 3134 vobis
1125 3066 1251 3152 scripta

120 3170 332 3256 mandantes,
359 3179 520 3256 qnatenus
547 3173 669 3240 dietum
694 3173 877 3258 Legatum,
903 3173 1000 3242 immo
1017 3175 1126 3261 potins
1141 3193 1202 3240 nos
1218 3175 1253 3240 in

122 3281 206 3367 ipso,
224 3297 298 3346 cum
310 3297 372 3364 per
386 3287 499 3366 partes
512 3285 643 3348 vestras
660 3283 831 3347 transitum
847 3279 970 3363 iecerit,
983 3281 1025 3348 ob
1035 3280 1253 3349 reverentiam

123 3387 319 3474 Apostolice
345 3385 443 3454 Sedis
471 3394 505 3452 et
530 3394 675 3456 nostram
692 3389 835 3473 benigne
851 3387 1048 3475 recipientes
1065 3393 1098 3455 et
1113 3385 1251 3456 honeste

123 3501 308 3564 tractantes
325 3496 478 3582 eundem,
494 3496 560 3566 sibi
575 3515 636 3583 pro
653 3498 722 3568 suis
739 3501 772 3564 et
787 3496 914 3566 familie
930 3515 989 3565 sue
1005 3497 1206 3566 necessariis
1222 3505 1255 3565 et

122 3623 242 3673 securo
258 3605 433 3686 conductu,
447 3625 576 3674 necnon
591 3607 625 3672 in
642 3606 865 3676 evectionibus
883 3606 1070 3691 oportunis,
1097 3605 1126 3672 si
1140 3623 1201 3671 suo
1217 3604 1252 3672 in

121 3713 180 3780 via
203 3713 410 3782 decesserint
425 3715 480 3783 vel
506 3711 697 3798 defecerint,
719 3733 791 3781 oum
807 3733 907 3802 super
922 3701 994 3782 hiis'
1001 3733 1061 3798 per
1076 3713 1184 3799 ipsum
1199 3715 1255 3782 uel

123 3822 197 3891 cius
222 3823 373 3892 nuntium
398 3823 526 3894 fueritis
551 3825 717 3911 requisiti,
736 3825 770 3892 in
786 3826 911 3908 eundo,
933 3823 1092 3892 morando
1110 3830 1144 3892 ot
1159 3823 1252 3892 rede·

120 3931 211 4000 undo
227 3932 410 4000 liberaliter
424 3931 599 4018 providere
621 3933 743 4002 curetis
760 3957 769 3999 ε
798 3939 830 4000 et
847 3933 877 3999 si
893 3933 1036 4001 eundem
1051 3931 1253 4020 Episcopum

122 4039 158 4107 in
172 4041 342 4125 aliquibus
357 4041 449 4122 loeis,
466 4043 519 4109 vol
536 4043 610 4111 loco
636 4043 803 4110 interdum
818 4061 945 4109 moram
961 4041 1094 4109 trahere
1110 4041 1256 4126 contige·
1312 4057 1322 4070 ¹

121 4149 164 4216 rit
173 4198 183 4233 ,
201 4149 373 4236 volumus,
400 4151 486 4236 quod
504 4171 570 4218 non
595 4151 703 4220 solum
719 4150 918 4237 earundem,
943 4149 1058 4234 eisque
1074 4149 1256 4217 vicinarum

123 4257 179 4325 vel
195 4257 425 4326 adiacentium
442 4257 595 4346 partium,
612 4279 673 4328 sen
689 4260 830 4326 aliarum
846 4260 957 4346 etiam,
974 4259 1058 4324 sieut
1074 4256 1183 4324 eidem
1194 4257 1256 4324 Le·

123 4370 205 4453 gato
230 4385 292 4453 pro
320 4366 506 4436 huiusmodi
532 4369 686 4436 oneribus
711 4366 899 4437 diuidendis
925 4371 958 4432 et
974 4365 1104 4436 facilius
1121 4382 1258 4451 suppor-

123 4473 237 4543 tandis
265 4475 424 4565 expedire
449 4476 626 4563 videbitur,
651 4483 848 4544 remotarum
864 4473 1071 4559 Patriarehe,
1086 4471 1258 4558 Arcbiepi·

126 4585 231 4672 scopi,
246 4585 419 4674 Episcopi,
436 4585 567 4668 Eleoti,
581 4585 743 4672 Abbates,
765 4583 907 4670 Priores,
923 4582 1069 4668 Deceni,
1086 4579 1257 4666 Prepositi,

178 4707 579 4758 domueremsu-urrr„
593 4707 613 4770 a,
1056 4690 1098 4760 ll
