<?xml version="1.0" encoding="UTF-8"?>
<!DOCTYPE html PUBLIC "-//W3C//DTD XHTML 1.0 Transitional//EN"
    "http://www.w3.org/TR/xhtml1/DTD/xhtml1-transitional.dtd">
<html xmlns="http://www.w3.org/1999/xhtml" xml:lang="en" lang="en">
 <head>
  <title>
</title>
<meta http-equiv="Content-Type" content="text/html;charset=utf-8" />
  <meta name='ocr-system' content='tesseract 3.04.00' />
  <meta name='ocr-capabilities' content='ocr_page ocr_carea ocr_par ocr_line ocrx_word'/>
</head>
<body>
  <div class='ocr_page' id='page_1' title='image "./codexdiplomatic08wenzgoog_0312.png"; bbox 0 0 3142 5170; ppageno 0'>
   <div class='ocr_carea' id='block_1_1' title="bbox 325 1121 1559 1360">
    <p class='ocr_par' dir='ltr' id='par_1_1' title="bbox 325 1121 1559 1360">
     <span class='ocr_line' id='line_1_1' title="bbox 325 1121 1559 1251; baseline -0.002 -24"><span class='ocrx_word' id='word_1_1' title='bbox 325 1163 837 1251; x_wconf 69' lang='lat' dir='ltr'><strong>111.uu2aeocry,uumc</strong></span> <span class='ocrx_word' id='word_1_2' title='bbox 853 1165 991 1230; x_wconf 66' lang='lat' dir='ltr'><strong>Maroae</strong></span> <span class='ocrx_word' id='word_1_3' title='bbox 1008 1163 1293 1248; x_wconf 68' lang='lat' dir='ltr'><strong>nicarrafieaaa</strong></span> <span class='ocrx_word' id='word_1_4' title='bbox 1307 1187 1328 1226; x_wconf 79' lang='lat' dir='ltr'><strong>a</strong></span> <span class='ocrx_word' id='word_1_5' title='bbox 1354 1163 1451 1250; x_wconf 71' lang='lat' dir='ltr'><strong>capu</strong></span> <span class='ocrx_word' id='word_1_6' title='bbox 1558 1121 1559 1128; x_wconf 47' lang='lat'>‘</span> 
     </span>
     <span class='ocr_line' id='line_1_2' title="bbox 326 1271 1450 1360; baseline -0.003 -23"><span class='ocrx_word' id='word_1_7' title='bbox 326 1275 443 1360; x_wconf 77' lang='lat' dir='ltr'><strong>meppec&#39;</strong></span> <span class='ocrx_word' id='word_1_8' title='bbox 465 1271 600 1338; x_wconf 81' lang='lat' dir='ltr'><strong>Hevron</strong></span> <span class='ocrx_word' id='word_1_9' title='bbox 615 1271 725 1357; x_wconf 73' lang='lat' dir='ltr'><strong>soluo</strong></span> <span class='ocrx_word' id='word_1_10' title='bbox 746 1273 905 1359; x_wconf 76' lang='lat' dir='ltr'><strong>rijcloolaa</strong></span> <span class='ocrx_word' id='word_1_11' title='bbox 936 1272 1178 1359; x_wconf 80' lang='lat' dir='ltr'><strong>odcmdapoaac.</strong></span> <span class='ocrx_word' id='word_1_12' title='bbox 1212 1272 1308 1338; x_wconf 83' lang='lat'><strong><em>1286.</em></strong></span> <span class='ocrx_word' id='word_1_13' title='bbox 1324 1272 1395 1357; x_wconf 80' lang='lat' dir='ltr'><strong>jul.</strong></span> <span class='ocrx_word' id='word_1_14' title='bbox 1419 1273 1450 1334; x_wconf 82' lang='lat'><strong>9.</strong></span> 
     </span>
    </p>
   </div>
   <div class='ocr_carea' id='block_1_2' title="bbox 437 1481 1559 1590">
    <p class='ocr_par' dir='ltr' id='par_1_2' title="bbox 437 1481 1559 1590">
     <span class='ocr_line' id='line_1_3' title="bbox 437 1481 1559 1590; baseline -0.001 -36"><span class='ocrx_word' id='word_1_15' title='bbox 437 1488 615 1557; x_wconf 87' lang='lat' dir='ltr'><strong>Ladizlaus</strong></span> <span class='ocrx_word' id='word_1_16' title='bbox 640 1489 704 1557; x_wconf 89' lang='lat' dir='ltr'><strong>Dei</strong></span> <span class='ocrx_word' id='word_1_17' title='bbox 730 1491 844 1578; x_wconf 78' lang='lat' dir='ltr'><strong>gracia</strong></span> <span class='ocrx_word' id='word_1_18' title='bbox 868 1489 1036 1574; x_wconf 85' lang='lat' dir='ltr'><strong>Hungarie</strong></span> <span class='ocrx_word' id='word_1_19' title='bbox 1048 1540 1057 1573; x_wconf 95' lang='lat'><strong>,</strong></span> <span class='ocrx_word' id='word_1_20' title='bbox 1086 1487 1256 1556; x_wconf 87' lang='lat' dir='ltr'><strong>Dalmucie</strong></span> <span class='ocrx_word' id='word_1_21' title='bbox 1267 1537 1276 1570; x_wconf 91' lang='lat'><strong>,</strong></span> <span class='ocrx_word' id='word_1_22' title='bbox 1301 1481 1452 1564; x_wconf 77' lang='lat' dir='ltr'><strong>Oroacie,</strong></span> <span class='ocrx_word' id='word_1_23' title='bbox 1558 1497 1559 1590; x_wconf 26' lang='grc' dir='ltr'><strong>ξ</strong></span> 
     </span>
    </p>
   </div>
   <div class='ocr_carea' id='block_1_3' title="bbox 331 1591 1559 1682">
    <p class='ocr_par' dir='ltr' id='par_1_3' title="bbox 331 1591 1559 1682">
     <span class='ocr_line' id='line_1_4' title="bbox 331 1591 1559 1682; baseline -0.006 -18"><span class='ocrx_word' id='word_1_24' title='bbox 331 1601 456 1681; x_wconf 87' lang='lat' dir='ltr'><strong>Ramc,</strong></span> <span class='ocrx_word' id='word_1_25' title='bbox 474 1599 586 1668; x_wconf 89' lang='lat' dir='ltr'><strong>Seruie</strong></span> <span class='ocrx_word' id='word_1_26' title='bbox 596 1646 605 1681; x_wconf 98' lang='lat'><strong>,</strong></span> <span class='ocrx_word' id='word_1_27' title='bbox 623 1597 785 1682; x_wconf 79' lang='lat' dir='ltr'><strong>Gallicis,</strong></span> <span class='ocrx_word' id='word_1_28' title='bbox 801 1597 992 1666; x_wconf 88' lang='lat' dir='ltr'><strong>Lodomcrie</strong></span> <span class='ocrx_word' id='word_1_29' title='bbox 1002 1647 1011 1682; x_wconf 92' lang='lat'>‚</span> <span class='ocrx_word' id='word_1_30' title='bbox 1028 1598 1185 1666; x_wconf 80' lang='lat' dir='ltr'><strong>Cumania</strong></span> <span class='ocrx_word' id='word_1_31' title='bbox 1195 1646 1205 1682; x_wconf 92' lang='lat'><strong>,</strong></span> <span class='ocrx_word' id='word_1_32' title='bbox 1222 1596 1448 1682; x_wconf 87' lang='lat' dir='ltr'><strong>Bulgaricquc</strong></span> <span class='ocrx_word' id='word_1_33' title='bbox 1558 1591 1559 1678; x_wconf 79' lang='lat' dir='ltr'><strong>j</strong></span> 
     </span>
    </p>
   </div>
   <div class='ocr_carea' id='block_1_4' title="bbox 329 1703 1451 1794">
    <p class='ocr_par' dir='ltr' id='par_1_4' title="bbox 329 1703 1451 1794">
     <span class='ocr_line' id='line_1_5' title="bbox 329 1703 1451 1794; baseline -0.004 -20"><span class='ocrx_word' id='word_1_34' title='bbox 329 1709 400 1774; x_wconf 88' lang='lat' dir='ltr'><strong>Rex</strong></span> <span class='ocrx_word' id='word_1_35' title='bbox 417 1708 566 1775; x_wconf 89' lang='lat' dir='ltr'><strong>omuibus</strong></span> <span class='ocrx_word' id='word_1_36' title='bbox 582 1715 648 1774; x_wconf 89' lang='lat' dir='ltr'><strong>tum</strong></span> <span class='ocrx_word' id='word_1_37' title='bbox 664 1705 870 1794; x_wconf 75' lang='lat' dir='ltr'>presentibus</span> <span class='ocrx_word' id='word_1_38' title='bbox 896 1727 993 1791; x_wconf 88' lang='lat' dir='ltr'><strong>quam</strong></span> <span class='ocrx_word' id='word_1_39' title='bbox 1022 1707 1136 1774; x_wconf 83' lang='lat' dir='ltr'><strong>futuris</strong></span> <span class='ocrx_word' id='word_1_40' title='bbox 1153 1713 1337 1793; x_wconf 79' lang='lat' dir='ltr'><strong>presentem</strong></span> <span class='ocrx_word' id='word_1_41' title='bbox 1355 1703 1451 1787; x_wconf 82' lang='lat' dir='ltr'><strong>pagi-</strong></span> 
     </span>
    </p>
   </div>
   <div class='ocr_carea' id='block_1_5' title="bbox 326 1813 1559 2012">
    <p class='ocr_par' dir='ltr' id='par_1_5' title="bbox 326 1813 1559 2012">
     <span class='ocr_line' id='line_1_6' title="bbox 326 1813 1559 1904; baseline -0.004 -22"><span class='ocrx_word' id='word_1_42' title='bbox 326 1836 404 1882; x_wconf 86' lang='lat' dir='ltr'><strong>nam</strong></span> <span class='ocrx_word' id='word_1_43' title='bbox 420 1815 621 1902; x_wconf 89' lang='lat' dir='ltr'><strong>inspecturis</strong></span> <span class='ocrx_word' id='word_1_44' title='bbox 647 1815 787 1884; x_wconf 83' lang='lat' dir='ltr'><strong>salutem</strong></span> <span class='ocrx_word' id='word_1_45' title='bbox 812 1816 846 1882; x_wconf 90' lang='lat' dir='ltr'><strong>in</strong></span> <span class='ocrx_word' id='word_1_46' title='bbox 863 1817 1004 1884; x_wconf 89' lang='lat' dir='ltr'><strong>omnium</strong></span> <span class='ocrx_word' id='word_1_47' title='bbox 1021 1815 1196 1885; x_wconf 88' lang='lat' dir='ltr'><strong>saluatorc.</strong></span> <span class='ocrx_word' id='word_1_48' title='bbox 1214 1813 1265 1884; x_wconf 85' lang='lat' dir='ltr'><strong>Ad</strong></span> <span class='ocrx_word' id='word_1_49' title='bbox 1280 1813 1439 1880; x_wconf 85' lang='lat' dir='ltr'><strong>uniuerso</strong></span> <span class='ocrx_word' id='word_1_50' title='bbox 1558 1855 1559 1904; x_wconf 62' lang='lat' dir='ltr'><strong>t</strong></span> 
     </span>
     <span class='ocr_line' id='line_1_7' title="bbox 327 1919 1559 2012; baseline -0.006 -22"><span class='ocrx_word' id='word_1_51' title='bbox 327 1943 397 1990; x_wconf 89' lang='lat' dir='ltr'><strong>rum</strong></span> <span class='ocrx_word' id='word_1_52' title='bbox 412 1924 566 1991; x_wconf 76' lang='lat' dir='ltr'>noticiam</span> <span class='ocrx_word' id='word_1_53' title='bbox 581 1925 694 1990; x_wconf 88' lang='lat' dir='ltr'><strong>harum</strong></span> <span class='ocrx_word' id='word_1_54' title='bbox 709 1924 793 1992; x_wconf 90' lang='lat' dir='ltr'><strong>serie</strong></span> <span class='ocrx_word' id='word_1_55' title='bbox 808 1921 957 1992; x_wconf 90' lang='lat' dir='ltr'><strong>uolumus</strong></span> <span class='ocrx_word' id='word_1_56' title='bbox 972 1924 1162 2012; x_wconf 89' lang='lat' dir='ltr'><strong>peruenire,</strong></span> <span class='ocrx_word' id='word_1_57' title='bbox 1179 1921 1265 2008; x_wconf 87' lang='lat' dir='ltr'><strong>quod</strong></span> <span class='ocrx_word' id='word_1_58' title='bbox 1279 1919 1443 1988; x_wconf 86' lang='lat' dir='ltr'><strong>Nicolaus</strong></span> <span class='ocrx_word' id='word_1_59' title='bbox 1558 1933 1559 1972; x_wconf 73' lang='lat' dir='ltr'><strong>l</strong></span> 
     </span>
    </p>
   </div>
   <div class='ocr_carea' id='block_1_6' title="bbox 328 2029 1445 2118">
    <p class='ocr_par' dir='ltr' id='par_1_6' title="bbox 328 2029 1445 2118">
     <span class='ocr_line' id='line_1_8' title="bbox 328 2029 1445 2118; baseline -0.006 -18"><span class='ocrx_word' id='word_1_60' title='bbox 328 2039 360 2100; x_wconf 93' lang='lat' dir='ltr'><strong>et</strong></span> <span class='ocrx_word' id='word_1_61' title='bbox 374 2031 550 2098; x_wconf 74' lang='lat' dir='ltr'><strong>Marcellus</strong></span> <span class='ocrx_word' id='word_1_62' title='bbox 563 2031 621 2118; x_wconf 90' lang='lat' dir='ltr'><strong>filij</strong></span> <span class='ocrx_word' id='word_1_63' title='bbox 637 2031 730 2117; x_wconf 90' lang='lat' dir='ltr'><strong>Ilarij</strong></span> <span class='ocrx_word' id='word_1_64' title='bbox 747 2030 863 2100; x_wconf 86' lang='lat' dir='ltr'><strong>fideles</strong></span> <span class='ocrx_word' id='word_1_65' title='bbox 878 2032 994 2112; x_wconf 84' lang='lat' dir='ltr'><strong>nostri,</strong></span> <span class='ocrx_word' id='word_1_66' title='bbox 1010 2033 1055 2099; x_wconf 88' lang='lat' dir='ltr'><strong>ad</strong></span> <span class='ocrx_word' id='word_1_67' title='bbox 1073 2039 1218 2101; x_wconf 89' lang='lat' dir='ltr'><strong>nostram</strong></span> <span class='ocrx_word' id='word_1_68' title='bbox 1242 2029 1445 2098; x_wconf 87' lang='lat' dir='ltr'><strong>accedentes</strong></span> 
     </span>
    </p>
   </div>
   <div class='ocr_carea' id='block_1_7' title="bbox 327 2135 1559 2227">
    <p class='ocr_par' dir='ltr' id='par_1_7' title="bbox 327 2135 1559 2227">
     <span class='ocr_line' id='line_1_9' title="bbox 327 2135 1559 2227; baseline -0.006 -21"><span class='ocrx_word' id='word_1_69' title='bbox 327 2143 526 2224; x_wconf 74' lang='lat' dir='ltr'><strong>presenciam</strong></span> <span class='ocrx_word' id='word_1_70' title='bbox 543 2141 637 2208; x_wconf 90' lang='lat' dir='ltr'><strong>nobis</strong></span> <span class='ocrx_word' id='word_1_71' title='bbox 654 2139 776 2207; x_wconf 81' lang='lat' dir='ltr'><strong>referre</strong></span> <span class='ocrx_word' id='word_1_72' title='bbox 792 2145 997 2227; x_wconf 88' lang='lat' dir='ltr'><strong>curaucrunt,</strong></span> <span class='ocrx_word' id='word_1_73' title='bbox 1009 2139 1097 2223; x_wconf 91' lang='lat' dir='ltr'><strong>quod</strong></span> <span class='ocrx_word' id='word_1_74' title='bbox 1108 2142 1185 2208; x_wconf 91' lang='lat' dir='ltr'><strong>clim</strong></span> <span class='ocrx_word' id='word_1_75' title='bbox 1201 2139 1350 2208; x_wconf 90' lang='lat' dir='ltr'><strong>dominns</strong></span> <span class='ocrx_word' id='word_1_76' title='bbox 1360 2135 1446 2203; x_wconf 85' lang='lat' dir='ltr'><strong>Bela</strong></span> <span class='ocrx_word' id='word_1_77' title='bbox 1558 2155 1559 2224; x_wconf 65' lang='lat'><strong>,</strong></span> 
     </span>
    </p>
   </div>
   <div class='ocr_carea' id='block_1_8' title="bbox 326 2245 1450 2331">
    <p class='ocr_par' dir='ltr' id='par_1_8' title="bbox 326 2245 1450 2331">
     <span class='ocr_line' id='line_1_10' title="bbox 326 2245 1450 2331; baseline -0.008 -15"><span class='ocrx_word' id='word_1_78' title='bbox 326 2247 559 2316; x_wconf 87' lang='lat' dir='ltr'><strong>Serenissimus</strong></span> <span class='ocrx_word' id='word_1_79' title='bbox 576 2248 648 2314; x_wconf 86' lang='lat' dir='ltr'><strong>Rex</strong></span> <span class='ocrx_word' id='word_1_80' title='bbox 663 2245 833 2330; x_wconf 84' lang='lat' dir='ltr'><strong>Hungarie</strong></span> <span class='ocrx_word' id='word_1_81' title='bbox 843 2247 951 2316; x_wconf 84' lang='lat' dir='ltr'><strong>felicis</strong></span> <span class='ocrx_word' id='word_1_82' title='bbox 968 2247 1222 2331; x_wconf 77' lang='lat' dir='ltr'><strong>recordacionis,</strong></span> <span class='ocrx_word' id='word_1_83' title='bbox 1235 2264 1315 2314; x_wconf 90' lang='lat' dir='ltr'><strong>auus</strong></span> <span class='ocrx_word' id='word_1_84' title='bbox 1332 2251 1450 2312; x_wconf 87' lang='lat' dir='ltr'><strong>noster</strong></span> 
     </span>
    </p>
   </div>
   <div class='ocr_carea' id='block_1_9' title="bbox 325 2353 1559 2444">
    <p class='ocr_par' dir='ltr' id='par_1_9' title="bbox 325 2353 1559 2444">
     <span class='ocr_line' id='line_1_11' title="bbox 325 2353 1559 2444; baseline 0 -20"><span class='ocrx_word' id='word_1_85' title='bbox 325 2357 539 2440; x_wconf 87' lang='lat' dir='ltr'><strong>karissimus,</strong></span> <span class='ocrx_word' id='word_1_86' title='bbox 556 2375 615 2444; x_wconf 93' lang='lat' dir='ltr'><strong>pro</strong></span> <span class='ocrx_word' id='word_1_87' title='bbox 641 2355 791 2442; x_wconf 78' lang='lat' dir='ltr'><strong>seruiciJ&#39;s</strong></span> <span class='ocrx_word' id='word_1_88' title='bbox 808 2355 973 2442; x_wconf 89' lang='lat' dir='ltr'><strong>ipsorum,</strong></span> <span class='ocrx_word' id='word_1_89' title='bbox 990 2355 1178 2440; x_wconf 83' lang='lat' dir='ltr'><strong>specialiter</strong></span> <span class='ocrx_word' id='word_1_90' title='bbox 1192 2375 1251 2441; x_wconf 90' lang='lat' dir='ltr'><strong>pro</strong></span> <span class='ocrx_word' id='word_1_91' title='bbox 1267 2353 1449 2422; x_wconf 88' lang='lat' dir='ltr'><strong>annuncia·</strong></span> <span class='ocrx_word' id='word_1_92' title='bbox 1558 2365 1559 2424; x_wconf 72' lang='lat' dir='ltr'><strong>i</strong></span> 
     </span>
    </p>
   </div>
   <div class='ocr_carea' id='block_1_10' title="bbox 326 2461 1450 2768">
    <p class='ocr_par' dir='ltr' id='par_1_10' title="bbox 326 2461 1559 2768">
     <span class='ocr_line' id='line_1_12' title="bbox 327 2461 1450 2550; baseline -0.005 -16"><span class='ocrx_word' id='word_1_93' title='bbox 327 2463 418 2534; x_wconf 91' lang='lat' dir='ltr'><strong>cione</strong></span> <span class='ocrx_word' id='word_1_94' title='bbox 435 2467 588 2534; x_wconf 88' lang='lat' dir='ltr'><strong>sanitatis</strong></span> <span class='ocrx_word' id='word_1_95' title='bbox 613 2465 738 2534; x_wconf 90' lang='lat' dir='ltr'><strong>domini</strong></span> <span class='ocrx_word' id='word_1_96' title='bbox 763 2466 862 2550; x_wconf 83' lang='lat' dir='ltr'><strong>Regis</strong></span> <span class='ocrx_word' id='word_1_97' title='bbox 879 2464 1038 2550; x_wconf 84' lang='lat' dir='ltr'><strong>Stephani</strong></span> <span class='ocrx_word' id='word_1_98' title='bbox 1063 2465 1154 2532; x_wconf 87' lang='lat' dir='ltr'><strong>clare</strong></span> <span class='ocrx_word' id='word_1_99' title='bbox 1169 2464 1323 2533; x_wconf 89' lang='lat' dir='ltr'><strong>memorie</strong></span> <span class='ocrx_word' id='word_1_100' title='bbox 1339 2461 1450 2548; x_wconf 88' lang='lat' dir='ltr'><strong>patris</strong></span> 
     </span>
     <span class='ocr_line' id='line_1_13' title="bbox 326 2573 1448 2660; baseline -0.004 -21"><span class='ocrx_word' id='word_1_101' title='bbox 326 2574 430 2641; x_wconf 90' lang='lat' dir='ltr'><strong>nostri</strong></span> <span class='ocrx_word' id='word_1_102' title='bbox 454 2573 640 2652; x_wconf 83' lang='lat' dir='ltr'><strong>karissimi,</strong></span> <span class='ocrx_word' id='word_1_103' title='bbox 664 2573 698 2640; x_wconf 92' lang='lat' dir='ltr'><strong>in</strong></span> <span class='ocrx_word' id='word_1_104' title='bbox 725 2573 972 2660; x_wconf 83' lang='lat' dir='ltr'><strong>expugnacione</strong></span> <span class='ocrx_word' id='word_1_105' title='bbox 996 2579 1029 2641; x_wconf 93' lang='lat' dir='ltr'><strong>et</strong></span> <span class='ocrx_word' id='word_1_106' title='bbox 1054 2573 1204 2642; x_wconf 90' lang='lat' dir='ltr'><strong>conflictu</strong></span> <span class='ocrx_word' id='word_1_107' title='bbox 1230 2573 1448 2658; x_wconf 80' lang='lat' dir='ltr'><strong>Bulgarorum</strong></span> 
     </span>
     <span class='ocr_line' id='line_1_14' title="bbox 329 2679 1448 2768; baseline -0.004 -18"><span class='ocrx_word' id='word_1_108' title='bbox 329 2691 406 2750; x_wconf 91' lang='lat' dir='ltr'><strong>tunc</strong></span> <span class='ocrx_word' id='word_1_109' title='bbox 422 2685 550 2767; x_wconf 83' lang='lat' dir='ltr'><strong>agentis</strong></span> <span class='ocrx_word' id='word_1_110' title='bbox 559 2732 569 2768; x_wconf 93' lang='lat'><strong>,</strong></span> <span class='ocrx_word' id='word_1_111' title='bbox 586 2685 671 2750; x_wconf 83' lang='lat' dir='ltr'><strong>vltra</strong></span> <span class='ocrx_word' id='word_1_112' title='bbox 688 2688 828 2750; x_wconf 86' lang='lat' dir='ltr'><strong>castrum</strong></span> <span class='ocrx_word' id='word_1_113' title='bbox 845 2684 927 2750; x_wconf 84' lang='lat' dir='ltr'><strong>Lcm</strong></span> <span class='ocrx_word' id='word_1_114' title='bbox 942 2691 1116 2760; x_wconf 87' lang='lat' dir='ltr'><strong>uocatum,</strong></span> <span class='ocrx_word' id='word_1_115' title='bbox 1142 2684 1234 2751; x_wconf 84' lang='lat' dir='ltr'><strong>iuxta</strong></span> <span class='ocrx_word' id='word_1_116' title='bbox 1247 2679 1383 2749; x_wconf 90' lang='lat' dir='ltr'><strong>fluuium</strong></span> <span class='ocrx_word' id='word_1_117' title='bbox 1397 2679 1448 2745; x_wconf 82' lang='lat' dir='ltr'><strong>Iu·</strong></span> 
     </span>
    </p>
   </div>
   <div class='ocr_carea' id='block_1_11' title="bbox 328 2783 1559 2876">
    <p class='ocr_par' dir='ltr' id='par_1_11' title="bbox 328 2783 1559 2876">
     <span class='ocr_line' id='line_1_15' title="bbox 328 2783 1559 2876; baseline -0.005 -17"><span class='ocrx_word' id='word_1_118' title='bbox 328 2793 398 2876; x_wconf 84' lang='lat' dir='ltr'><strong>ker,</strong></span> <span class='ocrx_word' id='word_1_119' title='bbox 423 2811 488 2876; x_wconf 90' lang='lat' dir='ltr'><strong>quo</strong></span> <span class='ocrx_word' id='word_1_120' title='bbox 517 2793 640 2862; x_wconf 88' lang='lat' dir='ltr'><strong>dictum</strong></span> <span class='ocrx_word' id='word_1_121' title='bbox 666 2797 854 2864; x_wconf 85' lang='lat' dir='ltr'><strong>Marcellum</strong></span> <span class='ocrx_word' id='word_1_122' title='bbox 882 2796 1033 2864; x_wconf 90' lang='lat' dir='ltr'><strong>dominns</strong></span> <span class='ocrx_word' id='word_1_123' title='bbox 1049 2795 1122 2861; x_wconf 87' lang='lat' dir='ltr'><strong>Rex</strong></span> <span class='ocrx_word' id='word_1_124' title='bbox 1138 2795 1222 2860; x_wconf 88' lang='lat' dir='ltr'><strong>Bcla</strong></span> <span class='ocrx_word' id='word_1_125' title='bbox 1237 2811 1319 2860; x_wconf 86' lang='lat' dir='ltr'><strong>auus</strong></span> <span class='ocrx_word' id='word_1_126' title='bbox 1334 2795 1449 2857; x_wconf 89' lang='lat' dir='ltr'><strong>noster</strong></span> <span class='ocrx_word' id='word_1_127' title='bbox 1558 2783 1559 2806; x_wconf 59' lang='lat'><strong>¹</strong></span> 
     </span>
    </p>
   </div>
   <div class='ocr_carea' id='block_1_12' title="bbox 329 2899 1559 3099">
    <p class='ocr_par' dir='ltr' id='par_1_12' title="bbox 329 2899 1559 3099">
     <span class='ocr_line' id='line_1_16' title="bbox 329 2899 1559 3008; baseline -0.002 -42"><span class='ocrx_word' id='word_1_128' title='bbox 329 2901 363 2968; x_wconf 93' lang='lat' dir='ltr'><strong>in</strong></span> <span class='ocrx_word' id='word_1_129' title='bbox 378 2899 483 2968; x_wconf 86' lang='lat' dir='ltr'><strong>officio</strong></span> <span class='ocrx_word' id='word_1_130' title='bbox 499 2900 681 2986; x_wconf 81' lang='lat' dir='ltr'><strong>legacionis</strong></span> <span class='ocrx_word' id='word_1_131' title='bbox 698 2923 756 2970; x_wconf 89' lang='lat' dir='ltr'><strong>sau</strong></span> <span class='ocrx_word' id='word_1_132' title='bbox 771 2903 975 2972; x_wconf 88' lang='lat' dir='ltr'><strong>uisitacicnis</strong></span> <span class='ocrx_word' id='word_1_133' title='bbox 992 2903 1227 2988; x_wconf 89' lang='lat' dir='ltr'><strong>destinauerat,</strong></span> <span class='ocrx_word' id='word_1_134' title='bbox 1243 2901 1329 2968; x_wconf 90' lang='lat' dir='ltr'><strong>sicut</strong></span> <span class='ocrx_word' id='word_1_135' title='bbox 1343 2899 1449 2968; x_wconf 86' lang='lat' dir='ltr'><strong>series</strong></span> <span class='ocrx_word' id='word_1_136' title='bbox 1558 2989 1559 3008; x_wconf 12' lang='grc' dir='ltr'>χ</span> 
     </span>
     <span class='ocr_line' id='line_1_17' title="bbox 329 3007 1451 3099; baseline 0 -25"><span class='ocrx_word' id='word_1_137' title='bbox 329 3007 434 3094; x_wconf 89' lang='lat' dir='ltr'><strong>ipsius</strong></span> <span class='ocrx_word' id='word_1_138' title='bbox 452 3009 581 3096; x_wconf 83' lang='lat' dir='ltr'><strong>ncgocij</strong></span> <span class='ocrx_word' id='word_1_139' title='bbox 599 3010 632 3076; x_wconf 93' lang='lat' dir='ltr'><strong>in</strong></span> <span class='ocrx_word' id='word_1_140' title='bbox 648 3012 822 3099; x_wconf 81' lang='lat' dir='ltr'><strong>priuilegio</strong></span> <span class='ocrx_word' id='word_1_141' title='bbox 838 3011 919 3080; x_wconf 91' lang='lat' dir='ltr'><strong>dicti</strong></span> <span class='ocrx_word' id='word_1_142' title='bbox 929 3013 1030 3098; x_wconf 83' lang='lat' dir='ltr'><strong>Regis</strong></span> <span class='ocrx_word' id='word_1_143' title='bbox 1040 3011 1120 3079; x_wconf 88' lang='lat' dir='ltr'><strong>Bcle</strong></span> <span class='ocrx_word' id='word_1_144' title='bbox 1136 3009 1191 3079; x_wconf 89' lang='lat' dir='ltr'><strong>aui</strong></span> <span class='ocrx_word' id='word_1_145' title='bbox 1207 3010 1311 3080; x_wconf 86' lang='lat' dir='ltr'><strong>nostri</strong></span> <span class='ocrx_word' id='word_1_146' title='bbox 1327 3008 1451 3075; x_wconf 82' lang='lat' dir='ltr'><strong>exinde</strong></span> 
     </span>
    </p>
   </div>
   <div class='ocr_carea' id='block_1_13' title="bbox 329 3115 1559 3317">
    <p class='ocr_par' dir='ltr' id='par_1_13' title="bbox 329 3115 1559 3317">
     <span class='ocr_line' id='line_1_18' title="bbox 329 3115 1559 3207; baseline -0.005 -23"><span class='ocrx_word' id='word_1_147' title='bbox 329 3117 480 3187; x_wconf 84' lang='lat' dir='ltr'><strong>conlecto</strong></span> <span class='ocrx_word' id='word_1_148' title='bbox 500 3120 630 3206; x_wconf 88' lang='lat' dir='ltr'><strong>plenius</strong></span> <span class='ocrx_word' id='word_1_149' title='bbox 646 3121 838 3207; x_wconf 90' lang='lat' dir='ltr'><strong>continetur,</strong></span> <span class='ocrx_word' id='word_1_150' title='bbox 855 3121 905 3190; x_wconf 88' lang='lat' dir='ltr'><strong>eis</strong></span> <span class='ocrx_word' id='word_1_151' title='bbox 921 3121 1087 3206; x_wconf 89' lang='lat' dir='ltr'><strong>quandam</strong></span> <span class='ocrx_word' id='word_1_152' title='bbox 1103 3128 1223 3188; x_wconf 90' lang='lat' dir='ltr'><strong>terram</strong></span> <span class='ocrx_word' id='word_1_153' title='bbox 1232 3169 1241 3204; x_wconf 95' lang='lat'><strong>,</strong></span> <span class='ocrx_word' id='word_1_154' title='bbox 1259 3139 1359 3204; x_wconf 91' lang='lat' dir='ltr'><strong>super</strong></span> <span class='ocrx_word' id='word_1_155' title='bbox 1384 3135 1452 3204; x_wconf 87' lang='lat' dir='ltr'><strong>qua</strong></span> <span class='ocrx_word' id='word_1_156' title='bbox 1558 3115 1559 3150; x_wconf 54' lang='lat' dir='ltr'><strong>r</strong></span> 
     </span>
     <span class='ocr_line' id='line_1_19' title="bbox 330 3223 1559 3317; baseline -0.005 -22"><span class='ocrx_word' id='word_1_157' title='bbox 330 3224 463 3310; x_wconf 84' lang='lat' dir='ltr'><strong>quidam</strong></span> <span class='ocrx_word' id='word_1_158' title='bbox 488 3223 622 3294; x_wconf 82' lang='lat' dir='ltr'><strong>Horren</strong></span> <span class='ocrx_word' id='word_1_159' title='bbox 656 3229 787 3298; x_wconf 87' lang='lat' dir='ltr'><strong>nominc</strong></span> <span class='ocrx_word' id='word_1_160' title='bbox 821 3229 991 3298; x_wconf 87' lang='lat' dir='ltr'><strong>residebat</strong></span> <span class='ocrx_word' id='word_1_161' title='bbox 1024 3229 1226 3317; x_wconf 88' lang='lat' dir='ltr'><strong>temporibus</strong></span> <span class='ocrx_word' id='word_1_162' title='bbox 1260 3226 1447 3308; x_wconf 82' lang='lat' dir='ltr'><strong>retroactis,</strong></span> <span class='ocrx_word' id='word_1_163' title='bbox 1558 3243 1559 3248; x_wconf 47' lang='lat'>¹</span> 
     </span>
    </p>
   </div>
   <div class='ocr_carea' id='block_1_14' title="bbox 328 3335 1449 3424">
    <p class='ocr_par' dir='ltr' id='par_1_14' title="bbox 328 3335 1449 3424">
     <span class='ocr_line' id='line_1_20' title="bbox 328 3335 1449 3424; baseline 0 -26"><span class='ocrx_word' id='word_1_164' title='bbox 328 3335 362 3400; x_wconf 93' lang='lat' dir='ltr'><strong>in</strong></span> <span class='ocrx_word' id='word_1_165' title='bbox 387 3337 516 3422; x_wconf 84' lang='lat' dir='ltr'><strong>Lyptou</strong></span> <span class='ocrx_word' id='word_1_166' title='bbox 542 3336 633 3403; x_wconf 85' lang='lat' dir='ltr'><strong>iuxta</strong></span> <span class='ocrx_word' id='word_1_167' title='bbox 652 3336 785 3406; x_wconf 89' lang='lat' dir='ltr'><strong>fluuium</strong></span> <span class='ocrx_word' id='word_1_168' title='bbox 801 3339 908 3424; x_wconf 82' lang='lat' dir='ltr'><strong>Waag</strong></span> <span class='ocrx_word' id='word_1_169' title='bbox 923 3345 958 3405; x_wconf 90' lang='lat' dir='ltr'><strong>et</strong></span> <span class='ocrx_word' id='word_1_170' title='bbox 976 3339 1136 3406; x_wconf 86' lang='lat' dir='ltr'><strong>Medckus</strong></span> <span class='ocrx_word' id='word_1_171' title='bbox 1151 3338 1283 3404; x_wconf 85' lang='lat' dir='ltr'><strong>Potoka</strong></span> <span class='ocrx_word' id='word_1_172' title='bbox 1307 3335 1449 3400; x_wconf 83' lang='lat' dir='ltr'><strong>existen·</strong></span> 
     </span>
    </p>
   </div>
   <div class='ocr_carea' id='block_1_15' title="bbox 328 3443 1559 3533">
    <p class='ocr_par' dir='ltr' id='par_1_15' title="bbox 328 3443 1559 3533">
     <span class='ocr_line' id='line_1_21' title="bbox 328 3443 1559 3533; baseline -0.002 -25"><span class='ocrx_word' id='word_1_173' title='bbox 328 3447 404 3527; x_wconf 89' lang='lat' dir='ltr'><strong>tem,</strong></span> <span class='ocrx_word' id='word_1_174' title='bbox 430 3443 623 3512; x_wconf 89' lang='lat' dir='ltr'><strong>contulisset</strong></span> <span class='ocrx_word' id='word_1_175' title='bbox 637 3464 696 3511; x_wconf 92' lang='lat' dir='ltr'><strong>suo</strong></span> <span class='ocrx_word' id='word_1_176' title='bbox 722 3447 896 3532; x_wconf 82' lang='lat' dir='ltr'><strong>priuilegio</strong></span> <span class='ocrx_word' id='word_1_177' title='bbox 921 3447 1099 3532; x_wconf 87' lang='lat' dir='ltr'><strong>mediante,</strong></span> <span class='ocrx_word' id='word_1_178' title='bbox 1124 3451 1277 3533; x_wconf 88' lang='lat' dir='ltr'><strong>petentes</strong></span> <span class='ocrx_word' id='word_1_179' title='bbox 1293 3465 1315 3510; x_wconf 85' lang='lat' dir='ltr'><strong>a</strong></span> <span class='ocrx_word' id='word_1_180' title='bbox 1330 3449 1446 3510; x_wconf 89' lang='lat' dir='ltr'><strong>nostra</strong></span> <span class='ocrx_word' id='word_1_181' title='bbox 1558 3443 1559 3458; x_wconf 55' lang='lat'>³</span> 
     </span>
    </p>
   </div>
   <div class='ocr_carea' id='block_1_16' title="bbox 328 3549 1451 4728">
    <p class='ocr_par' dir='ltr' id='par_1_16' title="bbox 328 3549 1451 4728">
     <span class='ocr_line' id='line_1_22' title="bbox 330 3549 1448 3638; baseline -0.006 -15"><span class='ocrx_word' id='word_1_182' title='bbox 330 3552 530 3623; x_wconf 79' lang='lat' dir='ltr'><strong>celsitudine</strong></span> <span class='ocrx_word' id='word_1_183' title='bbox 556 3573 628 3620; x_wconf 94' lang='lat' dir='ltr'><strong>cum</strong></span> <span class='ocrx_word' id='word_1_184' title='bbox 654 3553 831 3636; x_wconf 90' lang='lat' dir='ltr'><strong>instancia,</strong></span> <span class='ocrx_word' id='word_1_185' title='bbox 847 3563 882 3620; x_wconf 89' lang='lat' dir='ltr'><strong>vt</strong></span> <span class='ocrx_word' id='word_1_186' title='bbox 898 3554 1115 3623; x_wconf 90' lang='lat' dir='ltr'><strong>donacionem</strong></span> <span class='ocrx_word' id='word_1_187' title='bbox 1130 3554 1172 3624; x_wconf 90' lang='lat' dir='ltr'><strong>de</strong></span> <span class='ocrx_word' id='word_1_188' title='bbox 1187 3555 1263 3638; x_wconf 91' lang='lat' dir='ltr'><strong>ipsa</strong></span> <span class='ocrx_word' id='word_1_189' title='bbox 1287 3557 1377 3619; x_wconf 88' lang='lat' dir='ltr'><strong>terra</strong></span> <span class='ocrx_word' id='word_1_190' title='bbox 1400 3549 1448 3617; x_wconf 87' lang='lat' dir='ltr'><strong>eis</strong></span> 
     </span>
     <span class='ocr_line' id='line_1_23' title="bbox 330 3658 1448 3749; baseline -0.004 -20"><span class='ocrx_word' id='word_1_191' title='bbox 330 3663 453 3730; x_wconf 85' lang='lat' dir='ltr'><strong>lectam</strong></span> <span class='ocrx_word' id='word_1_192' title='bbox 469 3669 573 3728; x_wconf 90' lang='lat' dir='ltr'><strong>ratam</strong></span> <span class='ocrx_word' id='word_1_193' title='bbox 598 3662 731 3743; x_wconf 89' lang='lat' dir='ltr'><strong>habere,</strong></span> <span class='ocrx_word' id='word_1_194' title='bbox 759 3671 792 3730; x_wconf 88' lang='lat' dir='ltr'><strong>et</strong></span> <span class='ocrx_word' id='word_1_195' title='bbox 808 3665 992 3749; x_wconf 89' lang='lat' dir='ltr'><strong>patrocinio</strong></span> <span class='ocrx_word' id='word_1_196' title='bbox 1007 3663 1085 3730; x_wconf 91' lang='lat' dir='ltr'><strong>noui</strong></span> <span class='ocrx_word' id='word_1_197' title='bbox 1101 3661 1204 3747; x_wconf 83' lang='lat' dir='ltr'><strong>sigilli</strong></span> <span class='ocrx_word' id='word_1_198' title='bbox 1219 3658 1324 3729; x_wconf 90' lang='lat' dir='ltr'><strong>nostri</strong></span> <span class='ocrx_word' id='word_1_199' title='bbox 1337 3661 1448 3743; x_wconf 82' lang='lat' dir='ltr'><strong>Rega-</strong></span> 
     </span>
     <span class='ocr_line' id='line_1_24' title="bbox 329 3765 1447 3857; baseline -0.008 -19"><span class='ocrx_word' id='word_1_200' title='bbox 329 3770 372 3838; x_wconf 88' lang='lat' dir='ltr'><strong>lis</strong></span> <span class='ocrx_word' id='word_1_201' title='bbox 388 3789 446 3836; x_wconf 87' lang='lat' dir='ltr'><strong>seu</strong></span> <span class='ocrx_word' id='word_1_202' title='bbox 461 3770 628 3857; x_wconf 81' lang='lat' dir='ltr'><strong>priuilegij</strong></span> <span class='ocrx_word' id='word_1_203' title='bbox 644 3769 855 3856; x_wconf 78' lang='lat' dir='ltr'><strong>dignaremur</strong></span> <span class='ocrx_word' id='word_1_204' title='bbox 863 3771 905 3840; x_wconf 88' lang='lat' dir='ltr'><strong>de</strong></span> <span class='ocrx_word' id='word_1_205' title='bbox 915 3771 1119 3856; x_wconf 84' lang='lat' dir='ltr'><strong>benignitate</strong></span> <span class='ocrx_word' id='word_1_206' title='bbox 1130 3769 1238 3856; x_wconf 83' lang='lat' dir='ltr'><strong>Regia</strong></span> <span class='ocrx_word' id='word_1_207' title='bbox 1247 3765 1447 3837; x_wconf 86' lang='lat' dir='ltr'><strong>confirmare.</strong></span> 
     </span>
     <span class='ocr_line' id='line_1_25' title="bbox 329 3874 1445 3968; baseline -0.007 -20"><span class='ocrx_word' id='word_1_208' title='bbox 329 3880 399 3948; x_wconf 80' lang='lat' dir='ltr'><strong>Nos</strong></span> <span class='ocrx_word' id='word_1_209' title='bbox 415 3881 524 3965; x_wconf 83' lang='lat' dir='ltr'><strong>igitur,</strong></span> <span class='ocrx_word' id='word_1_210' title='bbox 542 3881 660 3965; x_wconf 89' lang='lat' dir='ltr'><strong>quibus</strong></span> <span class='ocrx_word' id='word_1_211' title='bbox 677 3900 719 3948; x_wconf 81' lang='lat' dir='ltr'><strong>ex</strong></span> <span class='ocrx_word' id='word_1_212' title='bbox 734 3880 842 3950; x_wconf 83' lang='lat' dir='ltr'><strong>officio</strong></span> <span class='ocrx_word' id='word_1_213' title='bbox 858 3881 1004 3968; x_wconf 85' lang='lat' dir='ltr'><strong>suscepti</strong></span> <span class='ocrx_word' id='word_1_214' title='bbox 1022 3878 1191 3964; x_wconf 83' lang='lat' dir='ltr'><strong>regiminis</strong></span> <span class='ocrx_word' id='word_1_215' title='bbox 1208 3874 1311 3944; x_wconf 91' lang='lat' dir='ltr'><strong>nostri</strong></span> <span class='ocrx_word' id='word_1_216' title='bbox 1326 3876 1445 3942; x_wconf 89' lang='lat' dir='ltr'><strong>incum-</strong></span> 
     </span>
     <span class='ocr_line' id='line_1_26' title="bbox 329 3984 1448 4076; baseline -0.005 -22"><span class='ocrx_word' id='word_1_217' title='bbox 329 3986 378 4054; x_wconf 92' lang='lat' dir='ltr'><strong>bit</strong></span> <span class='ocrx_word' id='word_1_218' title='bbox 394 3991 500 4056; x_wconf 88' lang='lat' dir='ltr'><strong>metiri</strong></span> <span class='ocrx_word' id='word_1_219' title='bbox 516 3997 550 4056; x_wconf 87' lang='lat' dir='ltr'><strong>et</strong></span> <span class='ocrx_word' id='word_1_220' title='bbox 566 4008 708 4076; x_wconf 88' lang='lat' dir='ltr'><strong>pensare</strong></span> <span class='ocrx_word' id='word_1_221' title='bbox 723 3991 840 4058; x_wconf 87' lang='lat' dir='ltr'><strong>merita</strong></span> <span class='ocrx_word' id='word_1_222' title='bbox 859 3990 1083 4074; x_wconf 79' lang='lat' dir='ltr'><strong>singulorum,</strong></span> <span class='ocrx_word' id='word_1_223' title='bbox 1110 3997 1144 4055; x_wconf 90' lang='lat' dir='ltr'><strong>ct</strong></span> <span class='ocrx_word' id='word_1_224' title='bbox 1168 3986 1342 4070; x_wconf 80' lang='lat' dir='ltr'><strong>uuicuique</strong></span> <span class='ocrx_word' id='word_1_225' title='bbox 1357 3984 1448 4051; x_wconf 87' lang='lat' dir='ltr'><strong>iuxta</strong></span> 
     </span>
     <span class='ocr_line' id='line_1_27' title="bbox 329 4093 1447 4185; baseline -0.004 -22"><span class='ocrx_word' id='word_1_226' title='bbox 329 4116 461 4165; x_wconf 89' lang='lat' dir='ltr'><strong>sucrum</strong></span> <span class='ocrx_word' id='word_1_227' title='bbox 477 4101 664 4166; x_wconf 89' lang='lat' dir='ltr'><strong>meritorum</strong></span> <span class='ocrx_word' id='word_1_228' title='bbox 680 4101 885 4185; x_wconf 82' lang='lat' dir='ltr'><strong>exigenciam</strong></span> <span class='ocrx_word' id='word_1_229' title='bbox 910 4096 1130 4184; x_wconf 89' lang='lat' dir='ltr'><strong>respondere,</strong></span> <span class='ocrx_word' id='word_1_230' title='bbox 1156 4093 1447 4163; x_wconf 89' lang='lat' dir='ltr'><strong>commendabilem</strong></span> 
     </span>
     <span class='ocr_line' id='line_1_28' title="bbox 328 4201 1448 4292; baseline -0.006 -20"><span class='ocrx_word' id='word_1_231' title='bbox 328 4205 522 4274; x_wconf 84' lang='lat' dir='ltr'><strong>fidelitatem</strong></span> <span class='ocrx_word' id='word_1_232' title='bbox 539 4214 572 4271; x_wconf 88' lang='lat' dir='ltr'><strong>st</strong></span> <span class='ocrx_word' id='word_1_233' title='bbox 586 4213 684 4292; x_wconf 81' lang='lat' dir='ltr'><strong>grata</strong></span> <span class='ocrx_word' id='word_1_234' title='bbox 701 4209 863 4292; x_wconf 86' lang='lat' dir='ltr'><strong>obsequia</strong></span> <span class='ocrx_word' id='word_1_235' title='bbox 879 4207 1066 4275; x_wconf 87' lang='lat' dir='ltr'><strong>eorumdem</strong></span> <span class='ocrx_word' id='word_1_236' title='bbox 1082 4205 1224 4289; x_wconf 85' lang='lat' dir='ltr'><strong>Nicoluy</strong></span> <span class='ocrx_word' id='word_1_237' title='bbox 1241 4209 1276 4268; x_wconf 87' lang='lat' dir='ltr'><strong>ct</strong></span> <span class='ocrx_word' id='word_1_238' title='bbox 1291 4201 1448 4284; x_wconf 80' lang='lat' dir='ltr'><strong>Marcelli,</strong></span> 
     </span>
     <span class='ocr_line' id='line_1_29' title="bbox 330 4314 1451 4401; baseline -0.005 -22"><span class='ocrx_word' id='word_1_239' title='bbox 330 4333 394 4398; x_wconf 89' lang='lat' dir='ltr'><strong>quo</strong></span> <span class='ocrx_word' id='word_1_240' title='bbox 410 4314 511 4398; x_wconf 88' lang='lat' dir='ltr'><strong>ijdem</strong></span> <span class='ocrx_word' id='word_1_241' title='bbox 528 4314 664 4400; x_wconf 87' lang='lat' dir='ltr'><strong>primum</strong></span> <span class='ocrx_word' id='word_1_242' title='bbox 691 4317 824 4385; x_wconf 90' lang='lat' dir='ltr'><strong>domino</strong></span> <span class='ocrx_word' id='word_1_243' title='bbox 840 4317 924 4401; x_wconf 84' lang='lat' dir='ltr'><strong>Regi</strong></span> <span class='ocrx_word' id='word_1_244' title='bbox 940 4316 1022 4384; x_wconf 90' lang='lat' dir='ltr'><strong>Bcle</strong></span> <span class='ocrx_word' id='word_1_245' title='bbox 1037 4334 1101 4382; x_wconf 90' lang='lat' dir='ltr'><strong>auo</strong></span> <span class='ocrx_word' id='word_1_246' title='bbox 1117 4320 1239 4392; x_wconf 88' lang='lat' dir='ltr'><strong>nostro,</strong></span> <span class='ocrx_word' id='word_1_247' title='bbox 1260 4317 1294 4377; x_wconf 90' lang='lat' dir='ltr'><strong>et</strong></span> <span class='ocrx_word' id='word_1_248' title='bbox 1309 4318 1451 4396; x_wconf 83' lang='lat' dir='ltr'><strong>postmo-</strong></span> 
     </span>
     <span class='ocr_line' id='line_1_30' title="bbox 331 4419 1451 4512; baseline -0.009 -20"><span class='ocrx_word' id='word_1_249' title='bbox 331 4425 407 4492; x_wconf 89' lang='lat' dir='ltr'><strong>dum</strong></span> <span class='ocrx_word' id='word_1_250' title='bbox 425 4422 557 4492; x_wconf 92' lang='lat' dir='ltr'><strong>domino</strong></span> <span class='ocrx_word' id='word_1_251' title='bbox 572 4426 654 4510; x_wconf 81' lang='lat' dir='ltr'><strong>Regi</strong></span> <span class='ocrx_word' id='word_1_252' title='bbox 680 4426 850 4512; x_wconf 82' lang='lat' dir='ltr'><strong>Stephano</strong></span> <span class='ocrx_word' id='word_1_253' title='bbox 877 4425 963 4511; x_wconf 90' lang='lat' dir='ltr'><strong>patri</strong></span> <span class='ocrx_word' id='word_1_254' title='bbox 985 4431 1096 4491; x_wconf 88' lang='lat' dir='ltr'><strong>nostro</strong></span> <span class='ocrx_word' id='word_1_255' title='bbox 1121 4419 1307 4504; x_wconf 87' lang='lat' dir='ltr'><strong>karissimo,</strong></span> <span class='ocrx_word' id='word_1_256' title='bbox 1323 4436 1363 4484; x_wconf 89' lang='lat' dir='ltr'><strong>ac</strong></span> <span class='ocrx_word' id='word_1_257' title='bbox 1378 4437 1451 4484; x_wconf 93' lang='lat' dir='ltr'><strong>con-</strong></span> 
     </span>
     <span class='ocr_line' id='line_1_31' title="bbox 331 4529 1451 4618; baseline -0.006 -19"><span class='ocrx_word' id='word_1_258' title='bbox 331 4537 504 4616; x_wconf 88' lang='lat' dir='ltr'><strong>sequenter</strong></span> <span class='ocrx_word' id='word_1_259' title='bbox 519 4531 610 4598; x_wconf 90' lang='lat' dir='ltr'><strong>nobis</strong></span> <span class='ocrx_word' id='word_1_260' title='bbox 628 4541 662 4602; x_wconf 91' lang='lat' dir='ltr'><strong>et</strong></span> <span class='ocrx_word' id='word_1_261' title='bbox 676 4535 791 4617; x_wconf 83' lang='lat' dir='ltr'><strong>Regno</strong></span> <span class='ocrx_word' id='word_1_262' title='bbox 808 4535 840 4600; x_wconf 93' lang='lat' dir='ltr'><strong>in</strong></span> <span class='ocrx_word' id='word_1_263' title='bbox 858 4533 998 4602; x_wconf 88' lang='lat' dir='ltr'><strong>diuersis</strong></span> <span class='ocrx_word' id='word_1_264' title='bbox 1015 4529 1284 4618; x_wconf 80' lang='lat' dir='ltr'><strong>expedicionibus</strong></span> <span class='ocrx_word' id='word_1_265' title='bbox 1311 4533 1377 4594; x_wconf 88' lang='lat' dir='ltr'><strong>tam</strong></span> <span class='ocrx_word' id='word_1_266' title='bbox 1391 4543 1451 4609; x_wconf 80' lang='lat' dir='ltr'><strong>gs·</strong></span> 
     </span>
     <span class='ocr_line' id='line_1_32' title="bbox 331 4632 1450 4728; baseline -0.008 -22"><span class='ocrx_word' id='word_1_267' title='bbox 331 4643 498 4708; x_wconf 89' lang='lat' dir='ltr'><strong>ncralibus</strong></span> <span class='ocrx_word' id='word_1_268' title='bbox 523 4659 621 4723; x_wconf 90' lang='lat' dir='ltr'><strong>quam</strong></span> <span class='ocrx_word' id='word_1_269' title='bbox 645 4643 899 4727; x_wconf 85' lang='lat' dir='ltr'><strong>particularibus</strong></span> <span class='ocrx_word' id='word_1_270' title='bbox 911 4692 921 4728; x_wconf 94' lang='lat'><strong>,</strong></span> <span class='ocrx_word' id='word_1_271' title='bbox 949 4661 1021 4710; x_wconf 90' lang='lat' dir='ltr'><strong>cum</strong></span> <span class='ocrx_word' id='word_1_272' title='bbox 1049 4639 1134 4707; x_wconf 92' lang='lat' dir='ltr'><strong>omni</strong></span> <span class='ocrx_word' id='word_1_273' title='bbox 1151 4635 1322 4708; x_wconf 86' lang='lat' dir='ltr'><strong>fidelitatis</strong></span> <span class='ocrx_word' id='word_1_274' title='bbox 1337 4632 1450 4701; x_wconf 89' lang='lat' dir='ltr'><strong>studio</strong></span> 
     </span>
    </p>
   </div>
   <div class='ocr_carea' id='block_1_17' title="bbox 0 0 1584 5170">
    <p class='ocr_par' dir='ltr' id='par_1_17' title="bbox 0 0 1584 5170">
     <span class='ocr_line' id='line_1_33' title="bbox 0 0 1584 5170; baseline 0 0"><span class='ocrx_word' id='word_1_275' title='bbox 0 0 1584 5170; x_wconf 95' lang='lat' dir='ltr'><strong> </strong></span> 
     </span>
    </p>
   </div>
  </div>
 </body>
</html>
