<?xml version="1.0" encoding="UTF-8"?>
<!DOCTYPE html PUBLIC "-//W3C//DTD XHTML 1.0 Transitional//EN"
    "http://www.w3.org/TR/xhtml1/DTD/xhtml1-transitional.dtd">
<html xmlns="http://www.w3.org/1999/xhtml" xml:lang="en" lang="en">
 <head>
  <title>
</title>
<meta http-equiv="Content-Type" content="text/html;charset=utf-8" />
  <meta name='ocr-system' content='tesseract 3.04.00' />
  <meta name='ocr-capabilities' content='ocr_page ocr_carea ocr_par ocr_line ocrx_word'/>
</head>
<body>
  <div class='ocr_page' id='page_1' title='image "./codexdiplomatic08wenzgoog_0301.png"; bbox 0 0 3142 5170; ppageno 0'>
   <div class='ocr_carea' id='block_1_1' title="bbox 654 976 735 1044">
    <p class='ocr_par' dir='ltr' id='par_1_1' title="bbox 654 976 735 1044">
     <span class='ocr_line' id='line_1_1' title="bbox 654 976 735 1044; baseline -0.012 0"><span class='ocrx_word' id='word_1_1' title='bbox 654 976 735 1044; x_wconf 70' lang='grc'><strong>169.</strong></span> 
     </span>
    </p>
   </div>
   <div class='ocr_carea' id='block_1_2' title="bbox 120 1169 1285 1586">
    <p class='ocr_par' dir='ltr' id='par_1_2' title="bbox 120 1169 1255 1262">
     <span class='ocr_line' id='line_1_2' title="bbox 120 1169 1255 1262; baseline 0 -24"><span class='ocrx_word' id='word_1_2' title='bbox 120 1174 221 1238; x_wconf 76' lang='lat' dir='ltr'><strong>Zoton</strong></span> <span class='ocrx_word' id='word_1_3' title='bbox 237 1172 313 1240; x_wconf 72' lang='lat' dir='ltr'><strong>stoli</strong></span> <span class='ocrx_word' id='word_1_4' title='bbox 324 1174 456 1262; x_wconf 70' lang='lat' dir='ltr'><strong>par-etii,</strong></span> <span class='ocrx_word' id='word_1_5' title='bbox 472 1173 582 1260; x_wconf 80' lang='lat' dir='ltr'><strong>melyat</strong></span> <span class='ocrx_word' id='word_1_6' title='bbox 604 1173 730 1238; x_wconf 70' lang='lat' dir='ltr'><strong>Tortor</strong></span> <span class='ocrx_word' id='word_1_7' title='bbox 740 1171 823 1237; x_wconf 69' lang='lat' dir='ltr'><strong>dtas</strong></span> <span class='ocrx_word' id='word_1_8' title='bbox 833 1171 945 1238; x_wconf 71' lang='lat' dir='ltr'><strong>teletae</strong></span> <span class='ocrx_word' id='word_1_9' title='bbox 958 1169 1004 1258; x_wconf 75' lang='lat' dir='ltr'><strong>(l)</strong></span> <span class='ocrx_word' id='word_1_10' title='bbox 1022 1173 1099 1237; x_wconf 79' lang='lat' dir='ltr'><strong>mint</strong></span> <span class='ocrx_word' id='word_1_11' title='bbox 1114 1171 1255 1241; x_wconf 74' lang='lat' dir='ltr'><strong>ctlttrtta·</strong></span> 
     </span>
    </p>

    <p class='ocr_par' dir='ltr' id='par_1_3' title="bbox 121 1280 1285 1371">
     <span class='ocr_line' id='line_1_3' title="bbox 121 1280 1285 1371; baseline 0.002 -27"><span class='ocrx_word' id='word_1_12' title='bbox 121 1307 178 1368; x_wconf 76' lang='lat' dir='ltr'><strong>pos</strong></span> <span class='ocrx_word' id='word_1_13' title='bbox 191 1281 345 1371; x_wconf 73' lang='lat' dir='ltr'><strong>aaolydja,</strong></span> <span class='ocrx_word' id='word_1_14' title='bbox 362 1306 376 1346; x_wconf 91' lang='lat' dir='ltr'><strong>s</strong></span> <span class='ocrx_word' id='word_1_15' title='bbox 392 1283 558 1368; x_wconf 74' lang='lat' dir='ltr'><strong>inspectui</strong></span> <span class='ocrx_word' id='word_1_16' title='bbox 572 1280 651 1347; x_wconf 82' lang='lat' dir='ltr'><strong>allen</strong></span> <span class='ocrx_word' id='word_1_17' title='bbox 666 1282 745 1365; x_wconf 61' lang='lat' dir='ltr'><strong>vita·</strong></span> <span class='ocrx_word' id='word_1_18' title='bbox 773 1281 900 1346; x_wconf 72' lang='lat' dir='ltr'><strong>Tenen</strong></span> <span class='ocrx_word' id='word_1_19' title='bbox 912 1280 1012 1368; x_wconf 72' lang='lat' dir='ltr'><strong>padip</strong></span> <span class='ocrx_word' id='word_1_20' title='bbox 1027 1281 1104 1369; x_wconf 75' lang='lat' dir='ltr'><strong>bopy</strong></span> <span class='ocrx_word' id='word_1_21' title='bbox 1129 1283 1256 1347; x_wconf 78' lang='lat' dir='ltr'><strong><em>minden</em></strong></span> <span class='ocrx_word' id='word_1_22' title='bbox 1281 1327 1285 1336; x_wconf 74' lang='lat'><strong>,</strong></span> 
     </span>
    </p>

    <p class='ocr_par' dir='ltr' id='par_1_4' title="bbox 122 1389 1256 1586">
     <span class='ocr_line' id='line_1_4' title="bbox 122 1389 1256 1478; baseline 0 -23"><span class='ocrx_word' id='word_1_23' title='bbox 122 1391 249 1456; x_wconf 78' lang='lat' dir='ltr'><strong>toodbbi</strong></span> <span class='ocrx_word' id='word_1_24' title='bbox 273 1390 517 1476; x_wconf 73' lang='lat' dir='ltr'><strong>kelletlsnseptb&#39;l</strong></span> <span class='ocrx_word' id='word_1_25' title='bbox 540 1391 822 1478; x_wconf 71' lang='lat' dir='ltr'><strong>nugrnnnkttljiin,</strong></span> <span class='ocrx_word' id='word_1_26' title='bbox 849 1392 893 1454; x_wconf 85' lang='lat'><strong>15</strong></span> <span class='ocrx_word' id='word_1_27' title='bbox 911 1412 1013 1476; x_wconf 79' lang='lat' dir='ltr'><strong>perseo</strong></span> <span class='ocrx_word' id='word_1_28' title='bbox 1046 1389 1160 1455; x_wconf 71' lang='lat' dir='ltr'><strong>alcadri</strong></span> <span class='ocrx_word' id='word_1_29' title='bbox 1179 1390 1256 1475; x_wconf 78' lang='lat' dir='ltr'><strong>fiant</strong></span> 
     </span>
     <span class='ocr_line' id='line_1_5' title="bbox 426 1493 955 1586; baseline 0.004 -24"><span class='ocrx_word' id='word_1_30' title='bbox 426 1493 501 1563; x_wconf 68' lang='lat' dir='ltr'><strong>nsks&#39;</strong></span> <span class='ocrx_word' id='word_1_31' title='bbox 513 1497 690 1586; x_wconf 73' lang='lat' dir='ltr'><strong>perkdltscy</strong></span> <span class='ocrx_word' id='word_1_32' title='bbox 699 1497 840 1586; x_wconf 74' lang='lat' dir='ltr'><strong>fajcban.</strong></span> <span class='ocrx_word' id='word_1_33' title='bbox 857 1499 955 1564; x_wconf 80' lang='lat'><strong><em>1284.</em></strong></span> 
     </span>
    </p>
   </div>
   <div class='ocr_carea' id='block_1_3' title="bbox 474 1745 910 1818">
    <p class='ocr_par' dir='ltr' id='par_1_5' title="bbox 474 1745 910 1818">
     <span class='ocr_line' id='line_1_6' title="bbox 474 1745 910 1818; baseline -0.005 -2"><span class='ocrx_word' id='word_1_34' title='bbox 474 1745 910 1818; x_wconf 78' lang='lat' dir='ltr'>ABOD</span> 
     </span>
    </p>
   </div>
   <div class='ocr_carea' id='block_1_4' title="bbox 124 1942 1260 4725">
    <p class='ocr_par' dir='ltr' id='par_1_6' title="bbox 124 1942 1260 4725">
     <span class='ocr_line' id='line_1_7' title="bbox 236 1942 1254 2032; baseline -0.002 -18"><span class='ocrx_word' id='word_1_35' title='bbox 236 1945 406 2014; x_wconf 85' lang='lat' dir='ltr'><strong>Vniuersis</strong></span> <span class='ocrx_word' id='word_1_36' title='bbox 422 1945 545 2014; x_wconf 75' lang='lat' dir='ltr'>Christi</span> <span class='ocrx_word' id='word_1_37' title='bbox 561 1942 713 2012; x_wconf 89' lang='lat' dir='ltr'><strong>fidelibus</strong></span> <span class='ocrx_word' id='word_1_38' title='bbox 729 1951 902 2032; x_wconf 76' lang='lat' dir='ltr'>presentes</span> <span class='ocrx_word' id='word_1_39' title='bbox 912 1945 1042 2014; x_wconf 76' lang='lat' dir='ltr'><strong>litteras</strong></span> <span class='ocrx_word' id='word_1_40' title='bbox 1053 1944 1254 2032; x_wconf 87' lang='lat' dir='ltr'><strong>inspecturis</strong></span> 
     </span>
     <span class='ocr_line' id='line_1_8' title="bbox 129 2053 1256 2140; baseline -0.002 -18"><span class='ocrx_word' id='word_1_41' title='bbox 129 2054 316 2140; x_wconf 76' lang='lat' dir='ltr'><strong>Capitulum</strong></span> <span class='ocrx_word' id='word_1_42' title='bbox 343 2053 555 2123; x_wconf 87' lang='lat' dir='ltr'><strong>Posoniensis</strong></span> <span class='ocrx_word' id='word_1_43' title='bbox 582 2053 729 2120; x_wconf 81' lang='lat' dir='ltr'><strong>Ecclesie</strong></span> <span class='ocrx_word' id='word_1_44' title='bbox 755 2055 927 2121; x_wconf 89' lang='lat' dir='ltr'><strong>oraciones</strong></span> <span class='ocrx_word' id='word_1_45' title='bbox 948 2056 979 2118; x_wconf 91' lang='lat' dir='ltr'><strong>in</strong></span> <span class='ocrx_word' id='word_1_46' title='bbox 996 2053 1134 2122; x_wconf 88' lang='lat' dir='ltr'><strong>Domino</strong></span> <span class='ocrx_word' id='word_1_47' title='bbox 1149 2053 1256 2123; x_wconf 86' lang='lat' dir='ltr'><strong>chsu</strong></span> 
     </span>
     <span class='ocr_line' id='line_1_9' title="bbox 124 2160 1254 2249; baseline -0.004 -17"><span class='ocrx_word' id='word_1_48' title='bbox 124 2162 271 2232; x_wconf 79' lang='lat' dir='ltr'><strong>Christo.</strong></span> <span class='ocrx_word' id='word_1_49' title='bbox 296 2161 349 2230; x_wconf 85' lang='lat' dir='ltr'><strong>Ad</strong></span> <span class='ocrx_word' id='word_1_50' title='bbox 376 2162 604 2230; x_wconf 75' lang='lat' dir='ltr'><strong>uniuersorum</strong></span> <span class='ocrx_word' id='word_1_51' title='bbox 631 2160 785 2229; x_wconf 88' lang='lat' dir='ltr'><strong>noticiam</strong></span> <span class='ocrx_word' id='word_1_52' title='bbox 812 2167 926 2230; x_wconf 91' lang='lat' dir='ltr'><strong>tencre</strong></span> <span class='ocrx_word' id='word_1_53' title='bbox 941 2163 1146 2249; x_wconf 88' lang='lat' dir='ltr'><strong>presencium</strong></span> <span class='ocrx_word' id='word_1_54' title='bbox 1162 2162 1254 2230; x_wconf 83' lang='lat' dir='ltr'><strong>uolu-</strong></span> 
     </span>
     <span class='ocr_line' id='line_1_10' title="bbox 125 2266 1256 2357; baseline -0.001 -20"><span class='ocrx_word' id='word_1_55' title='bbox 125 2290 199 2338; x_wconf 90' lang='lat' dir='ltr'><strong>mus</strong></span> <span class='ocrx_word' id='word_1_56' title='bbox 214 2271 390 2357; x_wconf 80' lang='lat' dir='ltr'><strong>peruenire</strong></span> <span class='ocrx_word' id='word_1_57' title='bbox 406 2319 415 2351; x_wconf 93' lang='lat'><strong>,</strong></span> <span class='ocrx_word' id='word_1_58' title='bbox 441 2270 532 2356; x_wconf 90' lang='lat' dir='ltr'><strong>quod</strong></span> <span class='ocrx_word' id='word_1_59' title='bbox 556 2269 658 2336; x_wconf 84' lang='lat' dir='ltr'><strong>Zolou</strong></span> <span class='ocrx_word' id='word_1_60' title='bbox 681 2267 747 2335; x_wconf 88' lang='lat' dir='ltr'><strong>filio</strong></span> <span class='ocrx_word' id='word_1_61' title='bbox 762 2267 887 2338; x_wconf 82' lang='lat' dir='ltr'><strong>Mathia</strong></span> <span class='ocrx_word' id='word_1_62' title='bbox 904 2267 947 2336; x_wconf 89' lang='lat' dir='ltr'><strong>de</strong></span> <span class='ocrx_word' id='word_1_63' title='bbox 963 2267 1053 2337; x_wconf 90' lang='lat' dir='ltr'><strong>Recb</strong></span> <span class='ocrx_word' id='word_1_64' title='bbox 1069 2266 1116 2356; x_wconf 73' lang='lat'>(¹2)</span> <span class='ocrx_word' id='word_1_65' title='bbox 1133 2289 1174 2336; x_wconf 86' lang='lat' dir='ltr'><strong>ex</strong></span> <span class='ocrx_word' id='word_1_66' title='bbox 1190 2289 1256 2336; x_wconf 85' lang='lat' dir='ltr'><strong>nna</strong></span> 
     </span>
     <span class='ocr_line' id='line_1_11' title="bbox 127 2376 1256 2466; baseline -0.004 -20"><span class='ocrx_word' id='word_1_67' title='bbox 127 2389 232 2466; x_wconf 89' lang='lat' dir='ltr'><strong>parte,</strong></span> <span class='ocrx_word' id='word_1_68' title='bbox 243 2385 278 2448; x_wconf 91' lang='lat' dir='ltr'><strong>et</strong></span> <span class='ocrx_word' id='word_1_69' title='bbox 294 2378 429 2448; x_wconf 82' lang='lat' dir='ltr'><strong>Tonkus</strong></span> <span class='ocrx_word' id='word_1_70' title='bbox 447 2378 566 2448; x_wconf 87' lang='lat' dir='ltr'><strong>clerico</strong></span> <span class='ocrx_word' id='word_1_71' title='bbox 582 2377 733 2446; x_wconf 81' lang='lat' dir='ltr'><strong>Ecclesia</strong></span> <span class='ocrx_word' id='word_1_72' title='bbox 749 2377 846 2446; x_wconf 87' lang='lat' dir='ltr'><strong>Beati</strong></span> <span class='ocrx_word' id='word_1_73' title='bbox 866 2376 1030 2445; x_wconf 89' lang='lat' dir='ltr'><strong>Jchannis</strong></span> <span class='ocrx_word' id='word_1_74' title='bbox 1047 2377 1198 2465; x_wconf 87' lang='lat' dir='ltr'><strong>Baptista</strong></span> <span class='ocrx_word' id='word_1_75' title='bbox 1214 2377 1256 2444; x_wconf 88' lang='lat' dir='ltr'><strong>de</strong></span> 
     </span>
     <span class='ocr_line' id='line_1_12' title="bbox 127 2483 1259 2572; baseline -0.002 -18"><span class='ocrx_word' id='word_1_76' title='bbox 127 2489 206 2556; x_wconf 86' lang='lat' dir='ltr'><strong>llka</strong></span> <span class='ocrx_word' id='word_1_77' title='bbox 222 2506 264 2554; x_wconf 85' lang='lat' dir='ltr'><strong>ex</strong></span> <span class='ocrx_word' id='word_1_78' title='bbox 279 2487 386 2554; x_wconf 86' lang='lat' dir='ltr'><strong>altera</strong></span> <span class='ocrx_word' id='word_1_79' title='bbox 403 2506 512 2556; x_wconf 90' lang='lat' dir='ltr'><strong>coram</strong></span> <span class='ocrx_word' id='word_1_80' title='bbox 529 2486 623 2554; x_wconf 88' lang='lat' dir='ltr'><strong>nobis</strong></span> <span class='ocrx_word' id='word_1_81' title='bbox 640 2486 860 2572; x_wconf 76' lang='lat' dir='ltr'><strong>personaliter</strong></span> <span class='ocrx_word' id='word_1_82' title='bbox 876 2483 1078 2568; x_wconf 87' lang='lat' dir='ltr'><strong>constitutis,</strong></span> <span class='ocrx_word' id='word_1_83' title='bbox 1095 2483 1182 2554; x_wconf 89' lang='lat' dir='ltr'><strong>idem</strong></span> <span class='ocrx_word' id='word_1_84' title='bbox 1198 2485 1259 2552; x_wconf 86' lang='lat' dir='ltr'><strong>Zo-</strong></span> 
     </span>
     <span class='ocr_line' id='line_1_13' title="bbox 131 2591 1260 2680; baseline -0.002 -20"><span class='ocrx_word' id='word_1_85' title='bbox 131 2597 186 2661; x_wconf 90' lang='lat' dir='ltr'><strong>lou</strong></span> <span class='ocrx_word' id='word_1_86' title='bbox 202 2594 376 2680; x_wconf 74' lang='lat' dir='ltr'><strong>proposuit</strong></span> <span class='ocrx_word' id='word_1_87' title='bbox 392 2595 468 2662; x_wconf 88' lang='lat' dir='ltr'><strong>vina</strong></span> <span class='ocrx_word' id='word_1_88' title='bbox 484 2613 576 2678; x_wconf 87' lang='lat' dir='ltr'><strong>noce,</strong></span> <span class='ocrx_word' id='word_1_89' title='bbox 593 2594 681 2678; x_wconf 88' lang='lat' dir='ltr'><strong>quod</strong></span> <span class='ocrx_word' id='word_1_90' title='bbox 698 2614 770 2662; x_wconf 92' lang='lat' dir='ltr'><strong>cnm</strong></span> <span class='ocrx_word' id='word_1_91' title='bbox 787 2597 860 2680; x_wconf 87' lang='lat' dir='ltr'><strong>ipse</strong></span> <span class='ocrx_word' id='word_1_92' title='bbox 876 2600 989 2660; x_wconf 89' lang='lat' dir='ltr'><strong>contra</strong></span> <span class='ocrx_word' id='word_1_93' title='bbox 1000 2591 1182 2678; x_wconf 89' lang='lat' dir='ltr'><strong>predictum</strong></span> <span class='ocrx_word' id='word_1_94' title='bbox 1195 2593 1260 2659; x_wconf 90' lang='lat' dir='ltr'><strong>cle·</strong></span> 
     </span>
     <span class='ocr_line' id='line_1_14' title="bbox 131 2697 1259 2787; baseline -0.002 -19"><span class='ocrx_word' id='word_1_95' title='bbox 131 2704 235 2768; x_wconf 88' lang='lat' dir='ltr'><strong>ricum</strong></span> <span class='ocrx_word' id='word_1_96' title='bbox 253 2708 287 2769; x_wconf 92' lang='lat' dir='ltr'><strong>et</strong></span> <span class='ocrx_word' id='word_1_97' title='bbox 303 2702 373 2770; x_wconf 84' lang='lat' dir='ltr'><strong>eius</strong></span> <span class='ocrx_word' id='word_1_98' title='bbox 390 2703 513 2770; x_wconf 88' lang='lat' dir='ltr'><strong>liberos</strong></span> <span class='ocrx_word' id='word_1_99' title='bbox 530 2703 563 2768; x_wconf 91' lang='lat' dir='ltr'><strong>iu</strong></span> <span class='ocrx_word' id='word_1_100' title='bbox 589 2702 763 2787; x_wconf 88' lang='lat' dir='ltr'><strong>presencia</strong></span> <span class='ocrx_word' id='word_1_101' title='bbox 779 2701 977 2768; x_wconf 83' lang='lat' dir='ltr'><strong>venerabilis</strong></span> <span class='ocrx_word' id='word_1_102' title='bbox 992 2699 1054 2766; x_wconf 85' lang='lat' dir='ltr'><strong>viri</strong></span> <span class='ocrx_word' id='word_1_103' title='bbox 1071 2697 1192 2766; x_wconf 87' lang='lat' dir='ltr'><strong>domini</strong></span> <span class='ocrx_word' id='word_1_104' title='bbox 1204 2719 1259 2766; x_wconf 81' lang='lat' dir='ltr'><strong>no</strong></span> 
     </span>
     <span class='ocr_line' id='line_1_15' title="bbox 127 2807 1259 2896; baseline -0.005 -18"><span class='ocrx_word' id='word_1_105' title='bbox 127 2809 189 2878; x_wconf 89' lang='lat' dir='ltr'><strong>stri</strong></span> <span class='ocrx_word' id='word_1_106' title='bbox 205 2811 355 2894; x_wconf 81' lang='lat' dir='ltr'><strong>magistri</strong></span> <span class='ocrx_word' id='word_1_107' title='bbox 372 2811 502 2877; x_wconf 88' lang='lat' dir='ltr'><strong>Nicolai</strong></span> <span class='ocrx_word' id='word_1_108' title='bbox 519 2811 681 2896; x_wconf 79' lang='lat' dir='ltr'><strong>Prepesiti</strong></span> <span class='ocrx_word' id='word_1_109' title='bbox 697 2809 911 2877; x_wconf 88' lang='lat' dir='ltr'><strong>Posouiensis</strong></span> <span class='ocrx_word' id='word_1_110' title='bbox 931 2807 1135 2890; x_wconf 76' lang='lat' dir='ltr'><strong>questionem</strong></span> <span class='ocrx_word' id='word_1_111' title='bbox 1152 2813 1259 2873; x_wconf 86' lang='lat' dir='ltr'><strong>statne</strong></span> 
     </span>
     <span class='ocr_line' id='line_1_16' title="bbox 129 2913 1258 3004; baseline -0.004 -22"><span class='ocrx_word' id='word_1_112' title='bbox 129 2920 335 2994; x_wconf 78' lang='lat' dir='ltr'><strong>suscitasset,</strong></span> <span class='ocrx_word' id='word_1_113' title='bbox 353 2919 461 3004; x_wconf 88' lang='lat' dir='ltr'><strong>ipsum</strong></span> <span class='ocrx_word' id='word_1_114' title='bbox 478 2918 631 2984; x_wconf 90' lang='lat' dir='ltr'><strong>clericum</strong></span> <span class='ocrx_word' id='word_1_115' title='bbox 649 2937 722 2984; x_wconf 91' lang='lat' dir='ltr'><strong>cum</strong></span> <span class='ocrx_word' id='word_1_116' title='bbox 740 2919 808 2983; x_wconf 89' lang='lat' dir='ltr'><strong>suis</strong></span> <span class='ocrx_word' id='word_1_117' title='bbox 826 2915 937 2983; x_wconf 88' lang='lat' dir='ltr'><strong>liberis</strong></span> <span class='ocrx_word' id='word_1_118' title='bbox 954 2914 1042 2982; x_wconf 88' lang='lat' dir='ltr'><strong>serui</strong></span> <span class='ocrx_word' id='word_1_119' title='bbox 1062 2913 1113 2981; x_wconf 88' lang='lat' dir='ltr'><strong>sai</strong></span> <span class='ocrx_word' id='word_1_120' title='bbox 1129 2914 1258 2980; x_wconf 87' lang='lat' dir='ltr'><strong>nonrine</strong></span> 
     </span>
     <span class='ocr_line' id='line_1_17' title="bbox 129 3023 1257 3112; baseline -0.002 -22"><span class='ocrx_word' id='word_1_121' title='bbox 129 3027 367 3112; x_wconf 88' lang='lat' dir='ltr'><strong>imprimendo,</strong></span> <span class='ocrx_word' id='word_1_122' title='bbox 393 3034 426 3092; x_wconf 90' lang='lat' dir='ltr'><strong>et</strong></span> <span class='ocrx_word' id='word_1_123' title='bbox 450 3045 547 3111; x_wconf 90' lang='lat' dir='ltr'><strong>super·</strong></span> <span class='ocrx_word' id='word_1_124' title='bbox 564 3025 627 3092; x_wconf 92' lang='lat' dir='ltr'><strong>hcc</strong></span> <span class='ocrx_word' id='word_1_125' title='bbox 643 3025 729 3091; x_wconf 87' lang='lat' dir='ltr'><strong>inter</strong></span> <span class='ocrx_word' id='word_1_126' title='bbox 745 3033 859 3111; x_wconf 88' lang='lat' dir='ltr'><strong>partas</strong></span> <span class='ocrx_word' id='word_1_127' title='bbox 878 3023 995 3091; x_wconf 83' lang='lat' dir='ltr'><strong>luisset</strong></span> <span class='ocrx_word' id='word_1_128' title='bbox 1010 3023 1138 3089; x_wconf 89' lang='lat' dir='ltr'><strong>diucius</strong></span> <span class='ocrx_word' id='word_1_129' title='bbox 1154 3023 1257 3088; x_wconf 90' lang='lat' dir='ltr'><strong>alter·</strong></span> 
     </span>
     <span class='ocr_line' id='line_1_18' title="bbox 128 3127 1256 3219; baseline -0.004 -21"><span class='ocrx_word' id='word_1_130' title='bbox 128 3143 262 3216; x_wconf 79' lang='lat' dir='ltr'><strong>catum3</strong></span> <span class='ocrx_word' id='word_1_131' title='bbox 288 3134 418 3201; x_wconf 87' lang='lat' dir='ltr'><strong>tandem</strong></span> <span class='ocrx_word' id='word_1_132' title='bbox 437 3133 521 3201; x_wconf 86' lang='lat' dir='ltr'><strong>idam</strong></span> <span class='ocrx_word' id='word_1_133' title='bbox 538 3133 661 3216; x_wconf 89' lang='lat' dir='ltr'><strong>Zolou,</strong></span> <span class='ocrx_word' id='word_1_134' title='bbox 688 3139 798 3202; x_wconf 87' lang='lat' dir='ltr'><strong>tactus</strong></span> <span class='ocrx_word' id='word_1_135' title='bbox 824 3133 940 3219; x_wconf 89' lang='lat' dir='ltr'><strong>spiritu</strong></span> <span class='ocrx_word' id='word_1_136' title='bbox 965 3129 1107 3198; x_wconf 88' lang='lat' dir='ltr'><strong>sanioris</strong></span> <span class='ocrx_word' id='word_1_137' title='bbox 1125 3127 1256 3212; x_wconf 84' lang='lat' dir='ltr'><strong>consiltj</strong></span> 
     </span>
     <span class='ocr_line' id='line_1_19' title="bbox 127 3237 1253 3324; baseline -0.005 -17"><span class='ocrx_word' id='word_1_138' title='bbox 127 3238 342 3324; x_wconf 74' lang='lat' dir='ltr'><strong>cognovisset</strong></span> <span class='ocrx_word' id='word_1_139' title='bbox 357 3259 418 3308; x_wconf 89' lang='lat' dir='ltr'><strong>sua</strong></span> <span class='ocrx_word' id='word_1_140' title='bbox 435 3241 541 3324; x_wconf 89' lang='lat' dir='ltr'><strong>ipsum</strong></span> <span class='ocrx_word' id='word_1_141' title='bbox 556 3241 765 3308; x_wconf 85' lang='lat' dir='ltr'><strong>consciencia</strong></span> <span class='ocrx_word' id='word_1_142' title='bbox 781 3239 997 3322; x_wconf 89' lang='lat' dir='ltr'><strong>remordenti,</strong></span> <span class='ocrx_word' id='word_1_143' title='bbox 1024 3237 1113 3322; x_wconf 86' lang='lat' dir='ltr'><strong>quod</strong></span> <span class='ocrx_word' id='word_1_144' title='bbox 1130 3237 1162 3302; x_wconf 90' lang='lat' dir='ltr'><strong>in</strong></span> <span class='ocrx_word' id='word_1_145' title='bbox 1180 3257 1253 3321; x_wconf 91' lang='lat' dir='ltr'><strong>pre·</strong></span> 
     </span>
     <span class='ocr_line' id='line_1_20' title="bbox 126 3343 1256 3433; baseline -0.004 -21"><span class='ocrx_word' id='word_1_146' title='bbox 126 3345 197 3412; x_wconf 83' lang='lat' dir='ltr'><strong>fato</strong></span> <span class='ocrx_word' id='word_1_147' title='bbox 215 3349 353 3432; x_wconf 88' lang='lat' dir='ltr'><strong>negocio</strong></span> <span class='ocrx_word' id='word_1_148' title='bbox 370 3347 404 3414; x_wconf 89' lang='lat' dir='ltr'><strong>in</strong></span> <span class='ocrx_word' id='word_1_149' title='bbox 421 3349 540 3415; x_wconf 89' lang='lat' dir='ltr'><strong>salutis</strong></span> <span class='ocrx_word' id='word_1_150' title='bbox 557 3347 839 3433; x_wconf 89' lang='lat' dir='ltr'><strong>sucpreiudicium</strong></span> <span class='ocrx_word' id='word_1_151' title='bbox 856 3347 1087 3432; x_wconf 79' lang='lat' dir='ltr'><strong>processisset,</strong></span> <span class='ocrx_word' id='word_1_152' title='bbox 1105 3343 1256 3428; x_wconf 84' lang='lat' dir='ltr'><strong>allegans</strong></span> 
     </span>
     <span class='ocr_line' id='line_1_21' title="bbox 128 3453 1256 3542; baseline -0.005 -22"><span class='ocrx_word' id='word_1_153' title='bbox 128 3456 162 3520; x_wconf 89' lang='lat' dir='ltr'><strong>in</strong></span> <span class='ocrx_word' id='word_1_154' title='bbox 179 3473 239 3522; x_wconf 89' lang='lat' dir='ltr'><strong>sue</strong></span> <span class='ocrx_word' id='word_1_155' title='bbox 257 3455 458 3542; x_wconf 88' lang='lat' dir='ltr'><strong>penitudinis</strong></span> <span class='ocrx_word' id='word_1_156' title='bbox 476 3462 712 3541; x_wconf 82' lang='lat' dir='ltr'><strong>argumentum,</strong></span> <span class='ocrx_word' id='word_1_157' title='bbox 740 3455 826 3537; x_wconf 88' lang='lat' dir='ltr'><strong>quod</strong></span> <span class='ocrx_word' id='word_1_158' title='bbox 843 3473 899 3538; x_wconf 91' lang='lat' dir='ltr'><strong>per</strong></span> <span class='ocrx_word' id='word_1_159' title='bbox 916 3471 1057 3518; x_wconf 87' lang='lat' dir='ltr'><strong>errorem</strong></span> <span class='ocrx_word' id='word_1_160' title='bbox 1084 3453 1172 3518; x_wconf 81' lang='lat' dir='ltr'><strong>etex</strong></span> <span class='ocrx_word' id='word_1_161' title='bbox 1198 3470 1256 3516; x_wconf 89' lang='lat' dir='ltr'><strong>su·</strong></span> 
     </span>
     <span class='ocr_line' id='line_1_22' title="bbox 126 3556 1257 3650; baseline -0.006 -20"><span class='ocrx_word' id='word_1_162' title='bbox 126 3564 280 3650; x_wconf 86' lang='lat' dir='ltr'><strong>spinione</strong></span> <span class='ocrx_word' id='word_1_163' title='bbox 307 3565 452 3649; x_wconf 86' lang='lat' dir='ltr'><strong>quadam</strong></span> <span class='ocrx_word' id='word_1_164' title='bbox 478 3573 597 3632; x_wconf 90' lang='lat' dir='ltr'><strong>contra</strong></span> <span class='ocrx_word' id='word_1_165' title='bbox 622 3566 728 3650; x_wconf 89' lang='lat' dir='ltr'><strong>ipsum</strong></span> <span class='ocrx_word' id='word_1_166' title='bbox 757 3564 909 3630; x_wconf 88' lang='lat' dir='ltr'><strong>clericum</strong></span> <span class='ocrx_word' id='word_1_167' title='bbox 927 3560 1072 3647; x_wconf 88' lang='lat' dir='ltr'><strong>predicte</strong></span> <span class='ocrx_word' id='word_1_168' title='bbox 1090 3556 1257 3623; x_wconf 78' lang='lat' dir='ltr'><strong>seruitutis</strong></span> 
     </span>
     <span class='ocr_line' id='line_1_23' title="bbox 126 3653 1252 3756; baseline -0.005 -20"><span class='ocrx_word' id='word_1_169' title='bbox 126 3671 265 3740; x_wconf 90' lang='lat' dir='ltr'><strong>mouerit</strong></span> <span class='ocrx_word' id='word_1_170' title='bbox 281 3670 495 3756; x_wconf 89' lang='lat' dir='ltr'><strong>questionem,</strong></span> <span class='ocrx_word' id='word_1_171' title='bbox 514 3677 701 3755; x_wconf 88' lang='lat' dir='ltr'><strong>protestans</strong></span> <span class='ocrx_word' id='word_1_172' title='bbox 711 3677 743 3736; x_wconf 90' lang='lat' dir='ltr'><strong>et</strong></span> <span class='ocrx_word' id='word_1_173' title='bbox 754 3687 905 3738; x_wconf 87' lang='lat' dir='ltr'><strong>asserens</strong></span> <span class='ocrx_word' id='word_1_174' title='bbox 922 3687 1030 3734; x_wconf 87' lang='lat' dir='ltr'><strong>coram</strong></span> <span class='ocrx_word' id='word_1_175' title='bbox 1048 3653 1154 3748; x_wconf 90' lang='lat' dir='ltr'><strong>nobis,</strong></span> <span class='ocrx_word' id='word_1_176' title='bbox 1167 3665 1252 3747; x_wconf 89' lang='lat' dir='ltr'><strong>qnod</strong></span> 
     </span>
     <span class='ocr_line' id='line_1_24' title="bbox 126 3769 1258 3863; baseline -0.008 -19"><span class='ocrx_word' id='word_1_177' title='bbox 126 3779 214 3847; x_wconf 92' lang='lat' dir='ltr'><strong>idem</strong></span> <span class='ocrx_word' id='word_1_178' title='bbox 231 3781 383 3853; x_wconf 86' lang='lat' dir='ltr'><strong>clericus,</strong></span> <span class='ocrx_word' id='word_1_179' title='bbox 399 3780 454 3844; x_wconf 87' lang='lat' dir='ltr'><strong>nel</strong></span> <span class='ocrx_word' id='word_1_180' title='bbox 472 3778 514 3844; x_wconf 84' lang='lat' dir='ltr'><strong>ab</strong></span> <span class='ocrx_word' id='word_1_181' title='bbox 532 3797 571 3844; x_wconf 93' lang='lat' dir='ltr'><strong>eo</strong></span> <span class='ocrx_word' id='word_1_182' title='bbox 588 3777 839 3863; x_wconf 87' lang='lat' dir='ltr'><strong>descendentes,</strong></span> <span class='ocrx_word' id='word_1_183' title='bbox 858 3773 1056 3844; x_wconf 83' lang='lat' dir='ltr'><strong>adeundam</strong></span> <span class='ocrx_word' id='word_1_184' title='bbox 1073 3771 1173 3838; x_wconf 82' lang='lat' dir='ltr'><strong>Zolou</strong></span> <span class='ocrx_word' id='word_1_185' title='bbox 1189 3769 1258 3836; x_wconf 91' lang='lat' dir='ltr'><strong>unl-</strong></span> 
     </span>
     <span class='ocr_line' id='line_1_25' title="bbox 129 3881 1255 3968; baseline -0.006 -16"><span class='ocrx_word' id='word_1_186' title='bbox 129 3889 195 3952; x_wconf 88' lang='lat' dir='ltr'><strong>lus</strong></span> <span class='ocrx_word' id='word_1_187' title='bbox 212 3886 438 3956; x_wconf 83' lang='lat' dir='ltr'><strong>obnoxietatis</strong></span> <span class='ocrx_word' id='word_1_188' title='bbox 449 3885 693 3952; x_wconf 87' lang='lat' dir='ltr'><strong>necessitudine</strong></span> <span class='ocrx_word' id='word_1_189' title='bbox 706 3885 917 3968; x_wconf 88' lang='lat' dir='ltr'><strong>pertinerent,</strong></span> <span class='ocrx_word' id='word_1_190' title='bbox 929 3881 991 3950; x_wconf 91' lang='lat' dir='ltr'><strong>sed</strong></span> <span class='ocrx_word' id='word_1_191' title='bbox 1007 3882 1117 3947; x_wconf 88' lang='lat' dir='ltr'><strong>natiue</strong></span> <span class='ocrx_word' id='word_1_192' title='bbox 1132 3886 1166 3947; x_wconf 89' lang='lat' dir='ltr'><strong>et</strong></span> <span class='ocrx_word' id='word_1_193' title='bbox 1182 3899 1255 3964; x_wconf 93' lang='lat' dir='ltr'><strong>per·</strong></span> 
     </span>
     <span class='ocr_line' id='line_1_26' title="bbox 127 3989 1257 4079; baseline -0.007 -19"><span class='ocrx_word' id='word_1_194' title='bbox 127 4000 230 4079; x_wconf 84' lang='lat' dir='ltr'><strong>petae</strong></span> <span class='ocrx_word' id='word_1_195' title='bbox 247 3992 413 4062; x_wconf 81' lang='lat' dir='ltr'><strong>libertatis</strong></span> <span class='ocrx_word' id='word_1_196' title='bbox 429 3993 469 4058; x_wconf 82' lang='lat' dir='ltr'><strong>ac</strong></span> <span class='ocrx_word' id='word_1_197' title='bbox 485 3992 700 4076; x_wconf 78' lang='lat' dir='ltr'><strong>ingenuitatis</strong></span> <span class='ocrx_word' id='word_1_198' title='bbox 720 3991 895 4076; x_wconf 85' lang='lat' dir='ltr'><strong>priuilegio</strong></span> <span class='ocrx_word' id='word_1_199' title='bbox 912 3989 1105 4070; x_wconf 84' lang='lat' dir='ltr'><strong>fruerentur,</strong></span> <span class='ocrx_word' id='word_1_200' title='bbox 1122 3995 1257 4072; x_wconf 90' lang='lat' dir='ltr'><strong>propter</strong></span> 
     </span>
     <span class='ocr_line' id='line_1_27' title="bbox 126 4093 1257 4183; baseline -0.006 -17"><span class='ocrx_word' id='word_1_201' title='bbox 126 4099 216 4183; x_wconf 85' lang='lat' dir='ltr'><strong>quod</strong></span> <span class='ocrx_word' id='word_1_202' title='bbox 243 4099 332 4166; x_wconf 90' lang='lat' dir='ltr'><strong>idem</strong></span> <span class='ocrx_word' id='word_1_203' title='bbox 358 4099 410 4165; x_wconf 93' lang='lat' dir='ltr'><strong>liti</strong></span> <span class='ocrx_word' id='word_1_204' title='bbox 427 4119 486 4165; x_wconf 92' lang='lat' dir='ltr'><strong>seu</strong></span> <span class='ocrx_word' id='word_1_205' title='bbox 503 4099 648 4178; x_wconf 88' lang='lat' dir='ltr'><strong>accioni,</strong></span> <span class='ocrx_word' id='word_1_206' title='bbox 674 4115 770 4179; x_wconf 87' lang='lat' dir='ltr'><strong>quam</strong></span> <span class='ocrx_word' id='word_1_207' title='bbox 798 4104 912 4162; x_wconf 88' lang='lat' dir='ltr'><strong>contra</strong></span> <span class='ocrx_word' id='word_1_208' title='bbox 927 4097 1035 4180; x_wconf 89' lang='lat' dir='ltr'><strong>ipsum</strong></span> <span class='ocrx_word' id='word_1_209' title='bbox 1051 4093 1206 4162; x_wconf 88' lang='lat' dir='ltr'><strong>clericum</strong></span> <span class='ocrx_word' id='word_1_210' title='bbox 1223 4102 1257 4162; x_wconf 88' lang='lat' dir='ltr'><strong>et</strong></span> 
     </span>
     <span class='ocr_line' id='line_1_28' title="bbox 126 4203 1255 4292; baseline -0.009 -18"><span class='ocrx_word' id='word_1_211' title='bbox 126 4209 199 4275; x_wconf 90' lang='lat' dir='ltr'><strong>eius</strong></span> <span class='ocrx_word' id='word_1_212' title='bbox 225 4208 348 4274; x_wconf 89' lang='lat' dir='ltr'><strong>liberos</strong></span> <span class='ocrx_word' id='word_1_213' title='bbox 375 4227 416 4273; x_wconf 85' lang='lat' dir='ltr'><strong>ex</strong></span> <span class='ocrx_word' id='word_1_214' title='bbox 432 4206 624 4292; x_wconf 85' lang='lat' dir='ltr'><strong>suspicione</strong></span> <span class='ocrx_word' id='word_1_215' title='bbox 641 4211 813 4286; x_wconf 89' lang='lat' dir='ltr'><strong>mouerat,</strong></span> <span class='ocrx_word' id='word_1_216' title='bbox 839 4211 875 4269; x_wconf 91' lang='lat' dir='ltr'><strong>ut</strong></span> <span class='ocrx_word' id='word_1_217' title='bbox 890 4203 1041 4288; x_wconf 89' lang='lat' dir='ltr'><strong>superius</strong></span> <span class='ocrx_word' id='word_1_218' title='bbox 1058 4211 1109 4268; x_wconf 89' lang='lat' dir='ltr'><strong>est</strong></span> <span class='ocrx_word' id='word_1_219' title='bbox 1125 4217 1255 4287; x_wconf 88' lang='lat' dir='ltr'><strong>expres·</strong></span> 
     </span>
     <span class='ocr_line' id='line_1_29' title="bbox 127 4305 1252 4398; baseline -0.011 -14"><span class='ocrx_word' id='word_1_220' title='bbox 127 4337 221 4398; x_wconf 89' lang='lat' dir='ltr'><strong>sum,</strong></span> <span class='ocrx_word' id='word_1_221' title='bbox 248 4316 349 4382; x_wconf 88' lang='lat' dir='ltr'><strong>cessit</strong></span> <span class='ocrx_word' id='word_1_222' title='bbox 369 4321 402 4380; x_wconf 90' lang='lat' dir='ltr'><strong>et</strong></span> <span class='ocrx_word' id='word_1_223' title='bbox 419 4315 626 4382; x_wconf 88' lang='lat' dir='ltr'><strong>renunciauit</strong></span> <span class='ocrx_word' id='word_1_224' title='bbox 642 4333 682 4379; x_wconf 89' lang='lat' dir='ltr'><strong>ex</strong></span> <span class='ocrx_word' id='word_1_225' title='bbox 700 4313 916 4398; x_wconf 88' lang='lat' dir='ltr'><strong>permissione</strong></span> <span class='ocrx_word' id='word_1_226' title='bbox 932 4311 982 4377; x_wconf 91' lang='lat' dir='ltr'><strong>sui</strong></span> <span class='ocrx_word' id='word_1_227' title='bbox 995 4309 1119 4396; x_wconf 91' lang='lat' dir='ltr'><strong>judicis</strong></span> <span class='ocrx_word' id='word_1_228' title='bbox 1129 4360 1139 4396; x_wconf 94' lang='lat'><strong>,</strong></span> <span class='ocrx_word' id='word_1_229' title='bbox 1155 4317 1189 4375; x_wconf 89' lang='lat' dir='ltr'><strong>ut</strong></span> <span class='ocrx_word' id='word_1_230' title='bbox 1207 4305 1252 4374; x_wconf 88' lang='lat' dir='ltr'><strong>di·</strong></span> 
     </span>
     <span class='ocr_line' id='line_1_30' title="bbox 128 4417 1255 4509; baseline -0.008 -19"><span class='ocrx_word' id='word_1_231' title='bbox 128 4426 237 4509; x_wconf 89' lang='lat' dir='ltr'><strong>cabat,</strong></span> <span class='ocrx_word' id='word_1_232' title='bbox 255 4429 439 4508; x_wconf 84' lang='lat' dir='ltr'><strong>spontanea</strong></span> <span class='ocrx_word' id='word_1_233' title='bbox 461 4457 495 4468; x_wconf 92' lang='lat'>-</span> <span class='ocrx_word' id='word_1_234' title='bbox 515 4455 560 4469; x_wconf 95' lang='lat'><strong>—</strong></span> <span class='ocrx_word' id='word_1_235' title='bbox 579 4457 630 4507; x_wconf 90' lang='lat'><strong>-,</strong></span> <span class='ocrx_word' id='word_1_236' title='bbox 647 4441 714 4504; x_wconf 87' lang='lat' dir='ltr'><strong>qua</strong></span> <span class='ocrx_word' id='word_1_237' title='bbox 729 4421 761 4486; x_wconf 89' lang='lat' dir='ltr'><strong>in</strong></span> <span class='ocrx_word' id='word_1_238' title='bbox 780 4419 978 4487; x_wconf 81' lang='lat' dir='ltr'><strong>execucicne</strong></span> <span class='ocrx_word' id='word_1_239' title='bbox 989 4417 1139 4504; x_wconf 90' lang='lat' dir='ltr'><strong>predicte</strong></span> <span class='ocrx_word' id='word_1_240' title='bbox 1156 4433 1255 4482; x_wconf 86' lang='lat' dir='ltr'><strong>causa</strong></span> 
     </span>
     <span class='ocr_line' id='line_1_31' title="bbox 128 4521 1249 4614; baseline -0.01 -15"><span class='ocrx_word' id='word_1_241' title='bbox 128 4531 217 4599; x_wconf 87' lang='lat' dir='ltr'><strong>idem</strong></span> <span class='ocrx_word' id='word_1_242' title='bbox 235 4531 339 4600; x_wconf 85' lang='lat' dir='ltr'><strong>Zolou</strong></span> <span class='ocrx_word' id='word_1_243' title='bbox 355 4529 488 4597; x_wconf 89' lang='lat' dir='ltr'><strong>labores</strong></span> <span class='ocrx_word' id='word_1_244' title='bbox 503 4530 660 4596; x_wconf 88' lang='lat' dir='ltr'><strong>sustinuit</strong></span> <span class='ocrx_word' id='word_1_245' title='bbox 675 4535 709 4596; x_wconf 89' lang='lat' dir='ltr'><strong>et</strong></span> <span class='ocrx_word' id='word_1_246' title='bbox 723 4545 899 4614; x_wconf 85' lang='lat' dir='ltr'><strong>expensas,</strong></span> <span class='ocrx_word' id='word_1_247' title='bbox 916 4525 1043 4614; x_wconf 88' lang='lat' dir='ltr'><strong>placuit</strong></span> <span class='ocrx_word' id='word_1_248' title='bbox 1057 4524 1164 4592; x_wconf 88' lang='lat' dir='ltr'><strong>eidem</strong></span> <span class='ocrx_word' id='word_1_249' title='bbox 1180 4521 1249 4589; x_wconf 88' lang='lat' dir='ltr'><strong>cle·</strong></span> 
     </span>
     <span class='ocr_line' id='line_1_32' title="bbox 128 4627 1256 4725; baseline -0.007 -19"><span class='ocrx_word' id='word_1_250' title='bbox 128 4639 218 4725; x_wconf 85' lang='lat' dir='ltr'><strong>rico,</strong></span> <span class='ocrx_word' id='word_1_251' title='bbox 244 4639 332 4723; x_wconf 86' lang='lat' dir='ltr'><strong>quod</strong></span> <span class='ocrx_word' id='word_1_252' title='bbox 356 4655 417 4723; x_wconf 88' lang='lat' dir='ltr'><strong>per</strong></span> <span class='ocrx_word' id='word_1_253' title='bbox 443 4635 586 4706; x_wconf 82' lang='lat' dir='ltr'><strong>uirorum</strong></span> <span class='ocrx_word' id='word_1_254' title='bbox 611 4637 786 4721; x_wconf 90' lang='lat' dir='ltr'><strong>proborum</strong></span> <span class='ocrx_word' id='word_1_255' title='bbox 806 4634 980 4703; x_wconf 88' lang='lat' dir='ltr'><strong>arbitrium</strong></span> <span class='ocrx_word' id='word_1_256' title='bbox 996 4650 1057 4717; x_wconf 89' lang='lat' dir='ltr'><strong>pro</strong></span> <span class='ocrx_word' id='word_1_257' title='bbox 1073 4649 1111 4701; x_wconf 89' lang='lat' dir='ltr'><strong>se</strong></span> <span class='ocrx_word' id='word_1_258' title='bbox 1126 4638 1159 4696; x_wconf 89' lang='lat' dir='ltr'><strong>ct</strong></span> <span class='ocrx_word' id='word_1_259' title='bbox 1175 4627 1256 4714; x_wconf 77' lang='lat' dir='ltr'><strong>filiJ&#39;s</strong></span> 
     </span>
    </p>
   </div>
   <div class='ocr_carea' id='block_1_5' title="bbox 0 0 1581 5170">
    <p class='ocr_par' dir='ltr' id='par_1_7' title="bbox 0 0 1581 5170">
     <span class='ocr_line' id='line_1_33' title="bbox 0 0 1581 5170; baseline 0 0"><span class='ocrx_word' id='word_1_260' title='bbox 0 0 1581 5170; x_wconf 95' lang='lat' dir='ltr'><strong> </strong></span> 
     </span>
    </p>
   </div>
  </div>
 </body>
</html>
