3142 5164
873 987 950 1052 125.

343 1195 374 1262 A
382 1195 555 1284 salemoni
577 1201 767 1267 kereszteaek
791 1203 957 1290 loooveatja
973 1201 1065 1266 Μάιέ
1076 1200 1182 1288 notator
1204 1195 1399 1266 tottoteoettt
1415 1197 1467 1264 At-

585 1309 686 1376 tereti
699 1311 860 1376 Deoeolssr
873 1312 991 1376 rtszoro
1006 1313 1117 1398 ottrja.
1134 1311 1233 1376 1279.

449 1525 517 1594 Nos
533 1524 724 1594 Conventus
750 1527 876 1594 Domus
892 1525 1077 1612 Hospitalis
1104 1527 1147 1594 de
1163 1523 1251 1594 Alba
1275 1525 1392 1594 damus
1409 1545 1464 1611 pro

342 1634 518 1720 momoria,
543 1635 630 1718 qnod
655 1635 831 1702 Deueoher
856 1634 898 1701 de
915 1632 1038 1701 Oberth
1059 1635 1104 1701 ad
1129 1643 1277 1703 nostram
1301 1635 1463 1702 sooedens

342 1747 560 1830 presenciam,
578 1743 699 1810 obtulit
715 1743 811 1810 nobis
827 1743 955 1810 litteras
975 1743 1097 1811 nobilis
1112 1743 1176 1811 viri
1192 1745 1235 1810 Μ.
1251 1743 1417 1826 Palatini,
1434 1749 1464 1809 et

341 1851 442 1938 pooijt
466 1852 616 1936 anobis,
643 1858 680 1918 nt
696 1857 843 1920 tenorem
870 1853 1048 1920 earundem
1074 1853 1196 1920 nostris
1221 1853 1340 1920 litteris
1366 1851 1463 1919 inseri

340 1959 534 2028 taceremne.
551 1959 615 2039 Qui
631 1959 709 2028 talis
727 1967 803 2027 est:

446 2088 516 2155 Nos
531 2088 574 2152 Μ.
591 2085 764 2156 Palatinus
782 2085 843 2154 stb.
862 2091 1044 2165 (lovemezik
1060 2093 1314 2151 Mltenlndomak
1338 2093 1460 2150 lete-ki

339 2204 420 2260 itelet
434 2203 533 2274 lovels,
550 2202 621 2258 mint
636 2203 740 2260 fenebb
761 2205 832 2260 120.
850 2223 888 2260 ez.
909 2201 947 2275 a.)

444 2325 516 2392 Nos
549 2325 648 2410 igitur
672 2325 879 2392 eontinenoie
915 2325 1104 2392 earumdem
1130 2324 1314 2393 litterarum
1340 2325 1460 2393 domini

338 2433 483 2502 Palatini
507 2432 549 2504 de
573 2435 675 2502 uerbo
700 2436 745 2504 ad
761 2437 895 2502 nerbnm
920 2436 1127 2522 presentibus
1152 2435 1304 2504 seriatim
1329 2437 1460 2504 redacto

337 2548 478 2609 nostrum
505 2543 651 2630 sigillum
675 2543 828 2613 duximus
854 2545 1098 2630 opponendum.
1133 2545 1258 2612 Datum
1284 2547 1387 2611 toreio
1410 2543 1460 2609 dio

337 2651 451 2718 Sancti
477 2651 639 2738 Stephani
665 2653 788 2738 Regis,
822 2673 910 2722 anno
935 2653 1071 2721 Domini
1095 2654 1155 2721 ll⁰.
1182 2651 1264 2720 00⁰.
1290 2659 1460 2738 septuage-

337 2779 419 2826 simo
435 2779 532 2826 nono.

443 2975 555 3043 Jepput.
575 2975 599 3029 E
613 2971 793 3047 bo'rhtrtytn
814 2975 878 3032 nott
895 2975 1102 3048 Knopos-Menai
1116 2976 1217 3050 Merey
1239 2975 1347 3032 Ldsalll
1359 2973 1460 3032 aartle·

336 3059 461 3118 vele'nek
473 3061 603 3120 hltirata
616 3081 649 3120 ea
663 3087 669 3120 :
692 3063 766 3138 „Pro
779 3065 966 3124 Deweoherfl
979 3065 1106 3125 Misolta
1119 3067 1234 3126 noi-veo
1247 3065 1359 3124 lstvtn.
1381 3055 1461 3135 Erip.
