3142 5170
832 346 989 455 ...Ψ

349 553 397 621 rei
422 551 644 621 testimonium
671 557 704 619 et
719 551 938 637 predictorum
965 549 1103 616 fratrum
1120 548 1283 616 cautelam
1300 551 1463 632 presentes

349 663 477 727 litteras
494 661 615 728 exinde
631 658 700 728 fleri
717 659 854 730 fecimus
870 660 975 729 nostri
990 656 1164 744 pendentis
1181 653 1282 740 sigilli
1292 655 1460 722 munimine

349 770 534 838 roboratas
551 769 671 838 Datum
688 770 721 836 in
739 769 856 838 Castro
872 769 965 838 Nouo
983 787 1084 862 prope
1099 765 1274 852 Neapolim
1293 783 1380 831 anno
1396 763 1461 828 mil·

348 877 465 945 lesimo
482 877 705 946 ducentesimo
723 878 945 966 octuagesimo
957 876 1078 962 quinto,
1091 873 1245 943 vicesimo
1257 873 1398 958 septimo
1414 869 1462 938 die

349 989 473 1056 mensis
485 985 574 1073 Julii,
592 987 835 1056 terciodecimo
852 986 1058 1056 indiccionis.

348 1180 470 1257 (Bymer
481 1181 590 1242 Tamis
603 1181 635 1241 ts
648 1183 815 1243 Sandan-son
826 1182 957 1241 Robort:
971 1181 1111 1252 Foedera,
1125 1177 1346 1246 conventiones,
1358 1177 1463 1234 litterae

352 1279 382 1332 at
403 1275 600 1348 cuiuscunque
622 1275 739 1348 generis
761 1281 830 1332 acta
857 1273 975 1348 publica
995 1274 1073 1334 inter
1094 1273 1192 1345 Reges
1206 1269 1332 1342 Angliae
1355 1272 1386 1324 ct
1398 1265 1463 1324 alios

350 1363 470 1438 quorrir
483 1361 685 1438 imperatores,
697 1364 813 1437 Reges,
833 1363 997 1432 Pontifices,
1010 1361 1161 1435 Principes
1174 1360 1222 1418 vel
1236 1358 1463 1422 communitate,

350 1450 457 1512 cars·
469 1431 564 1510 leam
576 1451 607 1512 a
620 1451 786 1512 nouom
798 1452 980 1528 sogyearoa
992 1452 1096 1510 nano
1109 1451 1231 1510 coneo
1244 1450 1357 1508 1a1c.n
1373 1449 1431 1504 nat.
1443 1449 1465 1503 1.

522 1561 544 1600 r.
558 1542 620 1602 660.
632 1545 662 1614 1.,
675 1560 702 1602 v.
717 1549 743 1600 n.
756 1542 842 1615 sajet
855 1542 924 1602 cod.
938 1543 1016 1616 Dipl.
1029 1543 1065 1601 V.
1077 1543 1105 1599 k.
1120 1542 1145 1599 3.
1159 1561 1182 1600 r.
1195 1541 1257 1598 ³09.
1269 1541 1301 1613 l.)

782 1835 1044 1848 m

874 2371 944 2441 ffl.

347 2575 505 2666 fficiuld,
523 2572 610 2640 Arsai
625 2574 719 2640 Peter
726 2573 788 2660 fio,
813 2596 834 2636 a
843 2576 996 2664 poasocyc'
1011 2574 1167 2662 kdptolaa
1183 2576 1258 2643 olto
1273 2577 1465 2664 oe'prendele-
1549 2531 1550 2559 ἢ

348 2695 391 2752 tet
407 2684 572 2765 testitudo,
592 2681 672 2747 Toto
687 2683 768 2746 novat
781 2681 946 2768 ezclpdjdt,
963 2684 994 2746 to
1009 2683 1116 2748 «aaa
1131 2687 1244 2771 unpjdt
1253 2683 1386 2751 Saa'mtot
1400 2709 1462 2750 aaa·

636 2787 782 2854 letoleto
797 2791 1053 2875 opilatltoztatja.
1080 2793 1178 2856 1285.
1260 2808 1264 2818 '

760 3007 1060 3076 ΔΒΟ

451 3167 623 3238 Uniuersis
640 3168 763 3239 christi
778 3167 932 3236 fidelibus
951 3175 1122 3256 presentes
1133 3171 1263 3238 litteras
1273 3171 1464 3258 inspecturis

346 3279 531 3370 Capitulum
543 3279 692 3347 Ecclesic
703 3278 912 3347 Posoniensis
924 3281 1065 3346 salutem
1076 3277 1108 3344 in
1119 3279 1269 3347 Domino.
1282 3281 1335 3347 Ad
1347 3281 1465 3348 vniuer-

346 3408 456 3460 sorum
472 3387 627 3457 noticiam
642 3393 756 3458 tenore
773 3389 980 3475 presencium
1007 3389 1158 3458 uolumus
1173 3391 1368 3476 peruenire,
1386 3391 1465 3476 qnod

345 3499 467 3568 Paulus
482 3496 583 3566 frater
599 3497 735 3567 Comitis
751 3497 893 3564 Panuini
910 3495 950 3562 ds
967 3495 1071 3582 Zoph,
1088 3499 1250 3567 accedens
1266 3498 1301 3564 in
1327 3505 1467 3567 nostram

345 3605 550 3696 presenciam
562 3625 582 3672 a
592 3605 686 3673 nobis
697 3624 768 3672 cum
785 3605 952 3673 instancia
967 3606 1155 3692 postulauit,
1167 3613 1201 3672 vt
1213 3627 1314 3676 unum
1325 3609 1468 3676 exnobis

345 3717 556 3800 mitteremus,
567 3735 677 3783 coram
688 3735 752 3800 qno
762 3713 910 3783 Mirizlov
920 3713 1004 3781 filins
1014 3715 1103 3782 Petri
1113 3714 1154 3782 de
1165 3715 1240 3782 Aua
1249 3723 1410 3804 cognatus
1421 3736 1468 3782 su·
1546 3797 1547 3808 χ

345 3825 1470 3912 ns‚decumbensinextremis‚suumconderettestamentum.Peticio-

345 3934 440 4002 nibus
460 3933 562 4022 igitur
583 3933 731 4002 eiusdem
742 3952 889 4000 annuere
899 3933 1077 4020 cupientes,
1098 3942 1134 4000 nt
1144 3945 1299 4020 tenemur,
1309 3935 1473 4022 ydoneum

345 4043 460 4129 virum,
476 4043 655 4112 Arnoldum
671 4042 874 4111 sacerdotem
892 4043 934 4112 de
951 4043 1040 4110 Villa
1057 4043 1179 4111 Sancte
1203 4043 1318 4127 Mario,
1336 4043 1381 4110 ud
1397 4065 1472 4111 enu-

346 4153 420 4222 dem
436 4152 583 4221 Mirizlor
598 4154 670 4221 vice
687 4159 719 4220 et
734 4154 866 4222 nomine
881 4159 993 4221 nostro
1010 4154 1160 4220 duximus
1177 4153 1470 4240 transmittendum,
1545 4207 1546 4246 Τ

346 4259 540 4348 quiquidem
551 4261 648 4331 homo
659 4267 783 4350 nostor,
795 4263 972 4330 simulcum
983 4243 1097 4332 ecdem
1108 4263 1259 4348 Paulo,et
1270 4262 1363 4329 Toka
1375 4283 1470 4328 seruo
1545 4251 1546 4283 ³

344 4368 505 4452 Minnica,
523 4371 567 4438 ad
582 4391 642 4439 nos
657 4371 788 4439 rediens
804 4371 886 4438 dixit
902 4372 1009 4457 nobis,
1035 4371 1123 4458 quod
1149 4371 1298 4458 prelatus
1323 4371 1473 4439 Mirizlor

344 4481 433 4550 inter
451 4485 577 4547 ceteras
593 4479 823 4549 ordinaciones
839 4480 1025 4549 testamenti
1040 4481 1091 4547 sui
1101 4530 1111 4567 ‚
1129 4497 1262 4564 compos
1282 4479 1367 4546 aduc
1385 4477 1472 4564 (lgy)

344 4593 378 4656 et
392 4605 474 4656 sane
490 4589 617 4667 mentis,
634 4585 774 4656 eundem
789 4587 891 4676 Tetra
909 4594 942 4654 et
958 4593 1095 4654 matrem
1111 4605 1205 4654 suam
1222 4586 1362 4654 Scimtor
1372 4605 1474 4655 uoca-

345 4701 415 4762 tarn
430 4713 490 4781 pro
506 4694 652 4762 remedio
669 4696 854 4780 animesue,
871 4697 1078 4782 presentibus
1093 4701 1222 4781 Agnete
1236 4715 1348 4765 sorore
1362 4713 1430 4764 sua
1442 4701 1476 4762 et
