3116 5166
811 275 973 378 Q

333 473 442 544 randa
456 472 616 562 pericula,
634 473 782 544 nefanda
797 491 1014 559 personarum
1030 472 1174 560 excidia,
1192 481 1225 542 et
1240 479 1310 546 alia
1325 478 1396 548 fere
1412 483 1461 548 in·

210 619 212 624 v
334 604 472 653 numera
496 581 705 652 detrimenta.
734 581 843 662 Quare
871 600 938 648 non
963 581 1125 648 immerito
1149 585 1342 654 accenditur
1373 590 1461 656 aelus

333 697 455 778 noster,
482 697 515 758 et
539 690 628 777 ignis
652 690 686 757 in
714 696 827 760 nostre
842 689 1067 758 meditationis
1082 690 1310 762 anxietatibus
1327 696 1460 762 exarde-

333 801 407 886 scit,
433 799 574 883 dumque
602 798 859 882 cogitationibus
883 797 1058 883 profundis
1073 799 1305 885 immergimur,
1324 809 1358 868 et
1373 802 1459 872 labo·

332 909 434 979 riosis
449 907 573 992 uigiliis
588 907 773 994 fatigamur,
792 913 968 991 querentes
993 905 1093 974 anxie
1108 915 1305 994 oportunum
1322 913 1356 978 in
1372 919 1458 980 tarto

332 1015 545 1086 necessitatis
571 1016 711 1084 articulo
738 1015 919 1084 remedium
937 1013 1118 1084 adhibere:
1146 1017 1225 1084 lieet
1241 1018 1458 1088 desideremus

332 1123 505 1210 interdum,
522 1121 610 1208 quod
627 1143 700 1190 oum
719 1122 843 1193 honore
858 1122 922 1190 Dei
938 1129 971 1188 et
985 1123 1153 1208 Ecclesie,
1173 1145 1215 1192 ac
1232 1127 1361 1195 salubri
1376 1134 1457 1194 statu

334 1239 519 1302 ceterorum
534 1229 679 1300 bdelium
705 1240 855 1300 nostram
880 1250 1048 1316 possemus
1065 1231 1134 1298 illic
1150 1232 1311 1302 exhibere
1326 1255 1456 1320 presen-

332 1343 426 1429 tiam,
438 1349 471 1410 et
482 1359 545 1426 quo
562 1344 670 1408 mente
686 1342 830 1418 ferimur,
842 1341 889 1407 ibi
900 1340 1121 1426 personaliter
1137 1341 1332 1428 existentes,
1342 1345 1456 1412 Divina

333 1449 409 1517 fulti
434 1451 584 1536 potentia
607 1468 666 1535 per
692 1447 890 1518 evidentiam
916 1448 1027 1534 operis
1051 1448 1203 1534 proprios
1223 1451 1455 1536 explicaremus

332 1557 490 1643 affectus,
513 1561 748 1642 verumtamen,
765 1556 844 1640 quia
869 1557 904 1625 id
929 1555 1073 1624 conditio
1099 1563 1216 1626 nostra
1240 1576 1305 1624 non
1330 1561 1453 1647 patitur,

333 1667 414 1752 quia
428 1664 651 1750 ingruentium
667 1665 811 1750 undique
826 1665 1032 1751 negotiorum
1047 1666 1254 1734 immensitas
1271 1669 1343 1736 sive
1358 1669 1453 1737 varie-

332 1787 386 1844 tas
403 1797 467 1842 non
482 1773 658 1862 permittit,
676 1775 721 1841 ad
735 1773 960 1854 venerabilem
976 1775 1010 1842 in
1037 1774 1170 1846 Christo
1187 1775 1326 1846 fratrem
1341 1777 1453 1863 Philip·

331 1905 407 1971 pum
424 1884 625 1970 Episcopum
641 1883 851 1968 Firmanum,
877 1889 913 1950 ut
928 1883 1042 1952 fortem
1058 1884 1227 1951 mittamus
1244 1885 1290 1952 ad
1306 1885 1411 1971 fortia,
1425 1892 1453 1952 et

332 1993 406 2079 ejus
422 1991 568 2062 robustis
583 1989 728 2058 humeris
746 2009 848 2058 onera
862 1990 1004 2075 grandia
1024 1993 1243 2077 imponamus,
1259 1999 1371 2062 nostre
1386 2013 1452 2060 con·

331 2103 487 2170 vertimus
503 2100 755 2171 deliberationis
780 2101 953 2184 intuitum,
980 2107 1014 2168 et
1030 2103 1063 2168 in
1078 2119 1211 2169 suarum
1227 2101 1452 2171 consideratio·

331 2231 407 2280 nem
430 2211 585 2278 virtutum
611 2207 835 2278 babuntanter
869 2209 899 2276 ei
934 2229 956 2274 a
981 2211 1123 2278 Domino
1148 2228 1393 2296 concessarum,
1416 2207 1452 2274 de

335 2317 547 2387 concedentis
564 2315 742 2386 affluenter
758 2324 792 2385 et
807 2337 873 2385 non
888 2317 1146 2402 improperantis
1171 2319 1408 2402 omnipotentia
1422 2324 1451 2382 et

330 2428 492 2495 immensa
506 2423 716 2510 benignitate
731 2424 896 2510 sperando
909 2431 1020 2494 nostre
1036 2423 1260 2494 fluctuationis
1277 2445 1378 2512 super
1394 2423 1449 2490 biis

331 2537 485 2606 anxietas
499 2533 710 2618 conquiescit.
735 2534 821 2602 Nam
839 2553 923 2620 cum,
941 2535 1026 2601 siout
1042 2535 1249 2620 experientia
1266 2534 1448 2620 probatione

331 2645 516 2730 didicimus,
532 2641 661 2710 dederit
674 2641 707 2709 ei
731 2641 892 2710 Dominus
909 2663 958 2726 os,
976 2650 1010 2710 et
1031 2641 1230 2728 sapientiam
1246 2641 1448 2724 linguamque

332 2752 491 2822 adiecerit
516 2750 700 2834 eruditam,
723 2757 758 2816 ut
787 2751 872 2818 sciat
888 2749 1020 2833 quando
1036 2749 1162 2818 debeat
1178 2749 1327 2835 proferre
1343 2768 1450 2817 sermo

332 2880 428 2947 nem;
446 2879 521 2928 cum
537 2859 636 2927 etiam
650 2858 685 2926 in
701 2877 740 2926 eo
757 2859 870 2944 vigeat
885 2859 1048 2928 rectitudo
1065 2859 1190 2945 iudicii,
1205 2859 1337 2926 consilii
1352 2857 1449 2945 prori-
1540 2941 1541 2952 ἵ

335 2970 462 3052 dantia,
480 2967 515 3033 in
530 2969 602 3035 zelo
620 2968 793 3054 sobrietas,
812 2970 845 3035 in
861 2970 995 3052 agendo
1005 2967 1195 3052 strenuitas,
1206 2973 1240 3036 et
1256 2965 1449 3053 experientia
1540 2969 1541 3000 l

330 3077 491 3146 inarduis
502 3075 709 3162 approbata,
727 3095 908 3163 speramus,
920 3076 1162 3161 necimmerito,
1173 3075 1448 3160 qnodaetussnos,
1540 3125 1541 3168 5

330 3188 388 3255 illo
404 3184 569 3272 diriginte,
580 3184 636 3269 qui
652 3185 743 3252 novit
758 3205 864 3271 prava
880 3187 914 3252 in
930 3185 1068 3271 directa,
1086 3191 1121 3252 ct
1131 3184 1189 3252 illo
1200 3184 1393 3270 adjuvante,
1404 3179 1450 3264 qni
1540 3227 1541 3238 ,

329 3303 441 3380 potest
454 3313 575 3379 aspera
586 3293 620 3360 in
636 3293 709 3360 vias
720 3295 839 3378 planas
851 3293 1141 3378 convertere,acin
1151 3293 1313 3379 predictis
1325 3311 1385 3376 per
1401 3306 1451 3356 sue
1540 3357 1541 3362 ,

330 3402 635 3488 circumspectionis
651 3401 846 3470 industriam
864 3403 939 3470 utili
958 3401 1211 3488 providentiaet
1223 3401 1370 3468 utilitate
1386 3417 1449 3483 pro·
1540 3387 1541 3390 ’

328 3511 407 3580 vida
418 3531 562 3598 congrue
572 3508 826 3596 cousulipoterit
841 3517 874 3576 et
884 3510 1061 3580 salubriter
1071 3507 1249 3576 subveniri.
1260 3505 1333 3575 Nos
1345 3509 1446 3590 itaque

329 3625 396 3686 tam
407 3619 532 3703 ingenti
543 3627 575 3688 et
585 3619 772 3706 periculosa
788 3617 990 3688 necessitate
999 3618 1232 3704 premissorum
1244 3621 1369 3684 attento
1380 3633 1445 3698 peu·

329 3732 406 3795 sata
416 3747 500 3810 eum,
517 3727 558 3794 de
568 3727 661 3794 cuius
673 3725 772 3794 elaris
781 3726 905 3794 meritis
917 3731 949 3793 et
960 3727 1101 3810 probata
1111 3723 1408 3809 industrioplenam
1418 3719 1446 3783 in

328 3835 469 3903 Domino
485 3835 641 3903 fiduciam
657 3835 862 3918 obtinemus,
879 3833 923 3900 ad
939 3835 1087 3916 Regnum
1105 3834 1224 3920 ipsum,
1241 3833 1305 3900 sibi
1320 3829 1446 3916 legatio·

330 3942 382 4009 nis
398 3941 504 4009 officio
520 3943 619 4029 plene
636 3943 810 4010 commisso
827 3943 859 4009 in
878 3941 994 4010 eodem
1009 3943 1133 4027 Regno,
1149 3962 1191 4010 ac
1206 3941 1343 4008 Polonie
1352 3989 1360 4024 ,
1375 3935 1446 4004 Dal-

328 4048 449 4133 matio,
466 4047 599 4119 Grostie
608 4101 618 4138 ,
634 4052 758 4136 Rame,
775 4051 901 4136 Servio,
920 4049 1124 4136 bodomerie,
1141 4048 1278 4118 Gallitie
1294 4054 1328 4116 et
1343 4048 1446 4114 Guna-

328 4155 383 4222 nie
409 4157 558 4242 partibus
583 4159 635 4226 illi
659 4160 891 4245 conterminis,
915 4165 955 4226 ut
979 4160 1015 4226 in
1040 4159 1089 4227 eis
1106 4159 1232 4226 evellat
1249 4163 1283 4226 et
1299 4156 1447 4234 destruat,
1540 4157 1541 4166 ²

328 4264 472 4350 dissipet
495 4271 528 4331 et
552 4265 740 4353 dispendat,
766 4265 899 4334 edificet
915 4273 949 4333 et
964 4269 1095 4354 plantet
1111 4267 1146 4332 in
1163 4285 1206 4333 no
1221 4266 1313 4333 mine
1328 4259 1451 4332 Domini

328 4373 412 4442 dont
436 4371 560 4442 viderit
586 4373 754 4460 expedire,
779 4373 820 4442 de
846 4373 982 4442 fratrum
999 4381 1183 4444 nostrorum
1201 4374 1341 4442 consilio
1357 4365 1449 4438 velud

326 4483 422 4571 pacis
437 4483 593 4569 angelum
618 4480 831 4568 destinamus,
859 4481 1006 4550 iniuncto
1032 4483 1099 4551 albi
1115 4479 1355 4564 nichilominus,
1371 4483 1402 4542 ut
1415 4475 1449 4540 iu
1540 4543 1541 4552 ἦ

324 4593 439 4679 Regno
464 4592 536 4680 ipso
561 4591 703 4659 intorte
737 4596 772 4657 et
796 4590 904 4675 Regni
933 4611 1112 4678 personas,
1142 4609 1272 4660 necnon
1298 4595 1366 4658 tam
1388 4583 1444 4653 ibi·
1540 4603 1541 4688 ἐ
