<?xml version="1.0" encoding="UTF-8"?>
<!DOCTYPE html PUBLIC "-//W3C//DTD XHTML 1.0 Transitional//EN"
    "http://www.w3.org/TR/xhtml1/DTD/xhtml1-transitional.dtd">
<html xmlns="http://www.w3.org/1999/xhtml" xml:lang="en" lang="en">
 <head>
  <title>
</title>
<meta http-equiv="Content-Type" content="text/html;charset=utf-8" />
  <meta name='ocr-system' content='tesseract 3.04.00' />
  <meta name='ocr-capabilities' content='ocr_page ocr_carea ocr_par ocr_line ocrx_word'/>
</head>
<body>
  <div class='ocr_page' id='page_1' title='image "./codexdiplomatic08wenzgoog_0382.png"; bbox 0 0 3154 5166; ppageno 0'>
   <div class='ocr_carea' id='block_1_1' title="bbox 350 1197 1474 1400">
    <p class='ocr_par' dir='ltr' id='par_1_1' title="bbox 350 1197 1474 1400">
     <span class='ocr_line' id='line_1_1' title="bbox 350 1197 1473 1289; baseline 0.001 -24"><span class='ocrx_word' id='word_1_1' title='bbox 350 1200 411 1268; x_wconf 89' lang='lat' dir='ltr'>IV.</span> <span class='ocrx_word' id='word_1_2' title='bbox 429 1197 546 1266; x_wconf 72' lang='lat' dir='ltr'>Loczlo</span> <span class='ocrx_word' id='word_1_3' title='bbox 559 1201 667 1288; x_wconf 75' lang='lat' dir='ltr'>kirdly</span> <span class='ocrx_word' id='word_1_4' title='bbox 684 1201 792 1267; x_wconf 81' lang='lat' dir='ltr'>Iatcdn</span> <span class='ocrx_word' id='word_1_5' title='bbox 816 1205 846 1268; x_wconf 68' lang='lat' dir='ltr'>ts</span> <span class='ocrx_word' id='word_1_6' title='bbox 874 1201 992 1269; x_wconf 74' lang='lat' dir='ltr'>Miletos</span> <span class='ocrx_word' id='word_1_7' title='bbox 1008 1204 1185 1270; x_wconf 68' lang='lat' dir='ltr'>moerebo</span> <span class='ocrx_word' id='word_1_8' title='bbox 1200 1225 1221 1266; x_wconf 83' lang='lat' dir='ltr'>a</span> <span class='ocrx_word' id='word_1_9' title='bbox 1238 1201 1373 1289; x_wconf 72' lang='lat' dir='ltr'>Bukorry</span> <span class='ocrx_word' id='word_1_10' title='bbox 1389 1201 1473 1267; x_wconf 71' lang='lat' dir='ltr'>eide-</span> 
     </span>
     <span class='ocr_line' id='line_1_2' title="bbox 350 1308 1474 1400; baseline 0 -26"><span class='ocrx_word' id='word_1_11' title='bbox 350 1309 455 1394; x_wconf 70' lang='lat' dir='ltr'>bodl,</span> <span class='ocrx_word' id='word_1_12' title='bbox 481 1311 523 1374; x_wconf 78' lang='lat' dir='ltr'>bt</span> <span class='ocrx_word' id='word_1_13' title='bbox 546 1308 806 1398; x_wconf 71' lang='lat' dir='ltr'>azotpdlatac‘lrcrt</span> <span class='ocrx_word' id='word_1_14' title='bbox 823 1311 991 1398; x_wconf 78' lang='lat' dir='ltr'>fiildelrkel</span> <span class='ocrx_word' id='word_1_15' title='bbox 1015 1314 1250 1400; x_wconf 80' lang='lat' dir='ltr'>udonactnyozaa</span> <span class='ocrx_word' id='word_1_16' title='bbox 1270 1332 1348 1397; x_wconf 74' lang='lat' dir='ltr'>cnop.</span> <span class='ocrx_word' id='word_1_17' title='bbox 1376 1311 1474 1374; x_wconf 83' lang='lat'><em>1290.</em></span> 
     </span>
    </p>
   </div>
   <div class='ocr_carea' id='block_1_2' title="bbox 346 1507 1474 1816">
    <p class='ocr_par' dir='ltr' id='par_1_2' title="bbox 346 1507 1474 1816">
     <span class='ocr_line' id='line_1_3' title="bbox 457 1507 1472 1598; baseline 0.003 -25"><span class='ocrx_word' id='word_1_18' title='bbox 457 1508 632 1575; x_wconf 84' lang='lat' dir='ltr'>Ladizlaus</span> <span class='ocrx_word' id='word_1_19' title='bbox 650 1507 712 1576; x_wconf 88' lang='lat' dir='ltr'>Dei</span> <span class='ocrx_word' id='word_1_20' title='bbox 727 1509 842 1594; x_wconf 87' lang='lat' dir='ltr'>gracia</span> <span class='ocrx_word' id='word_1_21' title='bbox 859 1510 1047 1598; x_wconf 69' lang='lat' dir='ltr'>hungarie,</span> <span class='ocrx_word' id='word_1_22' title='bbox 1075 1511 1265 1592; x_wconf 86' lang='lat' dir='ltr'>Dalmacie,</span> <span class='ocrx_word' id='word_1_23' title='bbox 1289 1509 1472 1586; x_wconf 79' lang='lat' dir='ltr'>Orowaeie,</span> 
     </span>
     <span class='ocr_line' id='line_1_4' title="bbox 347 1615 1474 1702; baseline 0 -20"><span class='ocrx_word' id='word_1_24' title='bbox 347 1618 470 1700; x_wconf 83' lang='lat' dir='ltr'>Reme,</span> <span class='ocrx_word' id='word_1_25' title='bbox 487 1615 620 1702; x_wconf 74' lang='lat' dir='ltr'>Seruio,</span> <span class='ocrx_word' id='word_1_26' title='bbox 637 1615 795 1702; x_wconf 70' lang='lat' dir='ltr'>(lollii-ie,</span> <span class='ocrx_word' id='word_1_27' title='bbox 814 1619 1028 1700; x_wconf 90' lang='lat' dir='ltr'>Lodomerie,</span> <span class='ocrx_word' id='word_1_28' title='bbox 1046 1622 1222 1700; x_wconf 86' lang='lat' dir='ltr'>(lumanie,</span> <span class='ocrx_word' id='word_1_29' title='bbox 1249 1617 1474 1701; x_wconf 82' lang='lat' dir='ltr'>Bulgarieque</span> 
     </span>
     <span class='ocr_line' id='line_1_5' title="bbox 346 1724 1474 1816; baseline 0.006 -26"><span class='ocrx_word' id='word_1_30' title='bbox 346 1725 416 1792; x_wconf 85' lang='lat' dir='ltr'>Rex</span> <span class='ocrx_word' id='word_1_31' title='bbox 442 1725 591 1794; x_wconf 90' lang='lat' dir='ltr'>omnihus</span> <span class='ocrx_word' id='word_1_32' title='bbox 617 1724 737 1794; x_wconf 77' lang='lat' dir='ltr'>Christi</span> <span class='ocrx_word' id='word_1_33' title='bbox 761 1726 911 1797; x_wconf 87' lang='lat' dir='ltr'>fidelihus</span> <span class='ocrx_word' id='word_1_34' title='bbox 937 1748 1073 1816; x_wconf 77' lang='lat' dir='ltr'>presens</span> <span class='ocrx_word' id='word_1_35' title='bbox 1099 1728 1256 1813; x_wconf 89' lang='lat' dir='ltr'>scriptum</span> <span class='ocrx_word' id='word_1_36' title='bbox 1272 1729 1474 1812; x_wconf 87' lang='lat' dir='ltr'>inspecturis</span> 
     </span>
    </p>
   </div>
   <div class='ocr_carea' id='block_1_3' title="bbox 246 1834 1472 1922">
    <p class='ocr_par' dir='ltr' id='par_1_3' title="bbox 246 1834 1472 1922">
     <span class='ocr_line' id='line_1_6' title="bbox 246 1834 1472 1922; baseline -0.001 -20"><span class='ocrx_word' id='word_1_37' title='bbox 246 1839 248 1848; x_wconf 90' lang='lat'>&#39;</span> <span class='ocrx_word' id='word_1_38' title='bbox 347 1836 483 1902; x_wconf 82' lang='lat' dir='ltr'>salutem</span> <span class='ocrx_word' id='word_1_39' title='bbox 509 1837 541 1902; x_wconf 92' lang='lat' dir='ltr'>iu</span> <span class='ocrx_word' id='word_1_40' title='bbox 567 1834 709 1901; x_wconf 91' lang='lat' dir='ltr'>omnium</span> <span class='ocrx_word' id='word_1_41' title='bbox 738 1838 915 1906; x_wconf 83' lang='lat' dir='ltr'>saluatore.</span> <span class='ocrx_word' id='word_1_42' title='bbox 946 1838 997 1905; x_wconf 85' lang='lat' dir='ltr'>hd</span> <span class='ocrx_word' id='word_1_43' title='bbox 1015 1841 1239 1906; x_wconf 85' lang='lat' dir='ltr'>uniuersorum</span> <span class='ocrx_word' id='word_1_44' title='bbox 1254 1843 1322 1904; x_wconf 81' lang='lat' dir='ltr'>tam</span> <span class='ocrx_word' id='word_1_45' title='bbox 1340 1855 1472 1922; x_wconf 83' lang='lat' dir='ltr'>presen-</span> 
     </span>
    </p>
   </div>
   <div class='ocr_carea' id='block_1_4' title="bbox 339 1941 1569 2788">
    <p class='ocr_par' dir='ltr' id='par_1_4' title="bbox 339 1941 1569 2788">
     <span class='ocr_line' id='line_1_7' title="bbox 346 1941 1471 2029; baseline 0 -21"><span class='ocrx_word' id='word_1_46' title='bbox 346 1942 440 2028; x_wconf 88' lang='lat' dir='ltr'>cium,</span> <span class='ocrx_word' id='word_1_47' title='bbox 452 1962 548 2026; x_wconf 84' lang='lat' dir='ltr'>quam</span> <span class='ocrx_word' id='word_1_48' title='bbox 565 1941 747 2012; x_wconf 78' lang='lat' dir='ltr'>futurorum</span> <span class='ocrx_word' id='word_1_49' title='bbox 765 1945 921 2012; x_wconf 75' lang='lat' dir='ltr'><strong>noticiam</strong></span> <span class='ocrx_word' id='word_1_50' title='bbox 939 1946 1052 2014; x_wconf 86' lang='lat' dir='ltr'>barum</span> <span class='ocrx_word' id='word_1_51' title='bbox 1079 1948 1164 2016; x_wconf 90' lang='lat' dir='ltr'>serie</span> <span class='ocrx_word' id='word_1_52' title='bbox 1181 1945 1336 2012; x_wconf 88' lang='lat' dir='ltr'>uolumus</span> <span class='ocrx_word' id='word_1_53' title='bbox 1354 1963 1471 2029; x_wconf 88' lang='lat' dir='ltr'>perue-</span> 
     </span>
     <span class='ocr_line' id='line_1_8' title="bbox 344 2051 1470 2137; baseline 0.004 -23"><span class='ocrx_word' id='word_1_54' title='bbox 344 2051 424 2137; x_wconf 88' lang='lat' dir='ltr'>nire,</span> <span class='ocrx_word' id='word_1_55' title='bbox 443 2051 529 2136; x_wconf 83' lang='lat' dir='ltr'>quod</span> <span class='ocrx_word' id='word_1_56' title='bbox 546 2071 605 2121; x_wconf 90' lang='lat' dir='ltr'>uos</span> <span class='ocrx_word' id='word_1_57' title='bbox 622 2051 840 2119; x_wconf 75' lang='lat' dir='ltr'>consideratis</span> <span class='ocrx_word' id='word_1_58' title='bbox 864 2052 1077 2122; x_wconf 82' lang='lat' dir='ltr'>fidelitatibus</span> <span class='ocrx_word' id='word_1_59' title='bbox 1094 2063 1127 2122; x_wconf 92' lang='lat' dir='ltr'>et</span> <span class='ocrx_word' id='word_1_60' title='bbox 1141 2051 1356 2124; x_wconf 84' lang='lat' dir='ltr'>seruiciorum</span> <span class='ocrx_word' id='word_1_61' title='bbox 1372 2053 1470 2119; x_wconf 89' lang='lat' dir='ltr'>meri·</span> 
     </span>
     <span class='ocr_line' id='line_1_9' title="bbox 344 2155 1472 2247; baseline 0.002 -23"><span class='ocrx_word' id='word_1_62' title='bbox 344 2159 385 2226; x_wconf 91' lang='lat' dir='ltr'>tis</span> <span class='ocrx_word' id='word_1_63' title='bbox 412 2157 547 2227; x_wconf 75' lang='lat' dir='ltr'>Comitis</span> <span class='ocrx_word' id='word_1_64' title='bbox 575 2155 768 2247; x_wconf 84' lang='lat' dir='ltr'>St(ephani)</span> <span class='ocrx_word' id='word_1_65' title='bbox 794 2168 826 2226; x_wconf 88' lang='lat' dir='ltr'>et</span> <span class='ocrx_word' id='word_1_66' title='bbox 850 2161 985 2229; x_wconf 86' lang='lat' dir='ltr'>Nicolai</span> <span class='ocrx_word' id='word_1_67' title='bbox 1001 2160 1109 2228; x_wconf 83' lang='lat' dir='ltr'>fratria</span> <span class='ocrx_word' id='word_1_68' title='bbox 1127 2161 1273 2229; x_wconf 88' lang='lat' dir='ltr'>ciusdem</span> <span class='ocrx_word' id='word_1_69' title='bbox 1291 2160 1334 2228; x_wconf 87' lang='lat' dir='ltr'>de</span> <span class='ocrx_word' id='word_1_70' title='bbox 1352 2160 1472 2228; x_wconf 82' lang='lat' dir='ltr'>Bolron</span> 
     </span>
     <span class='ocr_line' id='line_1_10' title="bbox 342 2265 1470 2354; baseline 0.002 -22"><span class='ocrx_word' id='word_1_71' title='bbox 342 2265 486 2335; x_wconf 88' lang='lat' dir='ltr'>fidelium</span> <span class='ocrx_word' id='word_1_72' title='bbox 503 2277 695 2354; x_wconf 86' lang='lat' dir='ltr'>nostrorum,</span> <span class='ocrx_word' id='word_1_73' title='bbox 714 2289 777 2352; x_wconf 91' lang='lat' dir='ltr'>que</span> <span class='ocrx_word' id='word_1_74' title='bbox 793 2267 890 2334; x_wconf 88' lang='lat' dir='ltr'>uobis</span> <span class='ocrx_word' id='word_1_75' title='bbox 906 2270 938 2334; x_wconf 92' lang='lat' dir='ltr'>in</span> <span class='ocrx_word' id='word_1_76' title='bbox 956 2267 1095 2336; x_wconf 85' lang='lat' dir='ltr'>diuersis</span> <span class='ocrx_word' id='word_1_77' title='bbox 1121 2269 1270 2353; x_wconf 78' lang='lat' dir='ltr'>negociis</span> <span class='ocrx_word' id='word_1_78' title='bbox 1287 2277 1322 2335; x_wconf 86' lang='lat' dir='ltr'>et</span> <span class='ocrx_word' id='word_1_79' title='bbox 1335 2267 1470 2353; x_wconf 82' lang='lat' dir='ltr'>expedi-</span> 
     </span>
     <span class='ocr_line' id='line_1_11' title="bbox 343 2374 1470 2463; baseline 0 -21"><span class='ocrx_word' id='word_1_80' title='bbox 343 2374 490 2444; x_wconf 87' lang='lat' dir='ltr'>cionihus</span> <span class='ocrx_word' id='word_1_81' title='bbox 507 2377 612 2462; x_wconf 84' lang='lat' dir='ltr'>Regni</span> <span class='ocrx_word' id='word_1_82' title='bbox 628 2379 732 2446; x_wconf 89' lang='lat' dir='ltr'>nostri</span> <span class='ocrx_word' id='word_1_83' title='bbox 748 2375 888 2444; x_wconf 86' lang='lat' dir='ltr'>fideliter</span> <span class='ocrx_word' id='word_1_84' title='bbox 904 2377 1133 2463; x_wconf 87' lang='lat' dir='ltr'>impenderunt</span> <span class='ocrx_word' id='word_1_85' title='bbox 1149 2385 1181 2443; x_wconf 89' lang='lat' dir='ltr'>et</span> <span class='ocrx_word' id='word_1_86' title='bbox 1197 2380 1326 2456; x_wconf 80' lang='lat' dir='ltr'>deuote,</span> <span class='ocrx_word' id='word_1_87' title='bbox 1343 2385 1377 2441; x_wconf 88' lang='lat' dir='ltr'>et</span> <span class='ocrx_word' id='word_1_88' title='bbox 1395 2397 1470 2462; x_wconf 86' lang='lat' dir='ltr'>spe·</span> 
     </span>
     <span class='ocr_line' id='line_1_12' title="bbox 341 2483 1471 2572; baseline 0.002 -23"><span class='ocrx_word' id='word_1_89' title='bbox 341 2483 469 2550; x_wconf 85' lang='lat' dir='ltr'>cialiter</span> <span class='ocrx_word' id='word_1_90' title='bbox 484 2490 571 2570; x_wconf 88' lang='lat' dir='ltr'>tunc,</span> <span class='ocrx_word' id='word_1_91' title='bbox 588 2506 659 2551; x_wconf 89' lang='lat' dir='ltr'>cnm</span> <span class='ocrx_word' id='word_1_92' title='bbox 677 2491 817 2551; x_wconf 86' lang='lat' dir='ltr'>castrum</span> <span class='ocrx_word' id='word_1_93' title='bbox 834 2487 1018 2572; x_wconf 83' lang='lat' dir='ltr'>Parustyan</span> <span class='ocrx_word' id='word_1_94' title='bbox 1035 2494 1255 2572; x_wconf 88' lang='lat' dir='ltr'>nuncupatum</span> <span class='ocrx_word' id='word_1_95' title='bbox 1272 2504 1471 2570; x_wconf 80' lang='lat' dir='ltr'>expugnare</span> 
     </span>
     <span class='ocr_line' id='line_1_13' title="bbox 339 2590 1569 2689; baseline -0.002 -29"><span class='ocrx_word' id='word_1_96' title='bbox 339 2593 579 2676; x_wconf 85' lang='lat' dir='ltr'>voluissemus,</span> <span class='ocrx_word' id='word_1_97' title='bbox 606 2593 705 2661; x_wconf 90' lang='lat' dir='ltr'>iidem</span> <span class='ocrx_word' id='word_1_98' title='bbox 733 2591 850 2662; x_wconf 79' lang='lat' dir='ltr'>Oomrs</span> <span class='ocrx_word' id='word_1_99' title='bbox 877 2590 1095 2680; x_wconf 87' lang='lat' dir='ltr'>St(ephauus)</span> <span class='ocrx_word' id='word_1_100' title='bbox 1118 2601 1152 2660; x_wconf 87' lang='lat' dir='ltr'>et</span> <span class='ocrx_word' id='word_1_101' title='bbox 1176 2593 1338 2662; x_wconf 74' lang='lat' dir='ltr'>Nicotaus</span> <span class='ocrx_word' id='word_1_102' title='bbox 1364 2593 1470 2660; x_wconf 82' lang='lat' dir='ltr'>frater</span> <span class='ocrx_word' id='word_1_103' title='bbox 1568 2665 1569 2689; x_wconf 22' lang='lat' dir='ltr'>i</span> 
     </span>
     <span class='ocr_line' id='line_1_14' title="bbox 339 2702 1568 2788; baseline 0 -18"><span class='ocrx_word' id='word_1_104' title='bbox 339 2723 416 2771; x_wconf 91' lang='lat' dir='ltr'>suus</span> <span class='ocrx_word' id='word_1_105' title='bbox 433 2705 466 2768; x_wconf 91' lang='lat' dir='ltr'>iu</span> <span class='ocrx_word' id='word_1_106' title='bbox 483 2703 732 2788; x_wconf 82' lang='lat' dir='ltr'>expugnacioue</span> <span class='ocrx_word' id='word_1_107' title='bbox 752 2702 855 2788; x_wconf 90' lang='lat' dir='ltr'>ipsius</span> <span class='ocrx_word' id='word_1_108' title='bbox 872 2703 971 2770; x_wconf 87' lang='lat' dir='ltr'>castri</span> <span class='ocrx_word' id='word_1_109' title='bbox 989 2720 1098 2769; x_wconf 84' lang='lat' dir='ltr'>coram</span> <span class='ocrx_word' id='word_1_110' title='bbox 1116 2702 1220 2770; x_wconf 90' lang='lat' dir='ltr'>oculis</span> <span class='ocrx_word' id='word_1_111' title='bbox 1234 2709 1344 2769; x_wconf 89' lang='lat' dir='ltr'>nostre</span> <span class='ocrx_word' id='word_1_112' title='bbox 1362 2702 1456 2770; x_wconf 83' lang='lat' dir='ltr'>llaie</span> <span class='ocrx_word' id='word_1_113' title='bbox 1567 2781 1568 2787; x_wconf 8' lang='grc' dir='ltr'>η</span> 
     </span>
    </p>
   </div>
   <div class='ocr_carea' id='block_1_5' title="bbox 337 2809 1567 2893">
    <p class='ocr_par' dir='ltr' id='par_1_5' title="bbox 337 2809 1567 2893">
     <span class='ocr_line' id='line_1_15' title="bbox 337 2809 1567 2893; baseline 0 -17"><span class='ocrx_word' id='word_1_114' title='bbox 337 2811 433 2879; x_wconf 85' lang='lat' dir='ltr'>statis</span> <span class='ocrx_word' id='word_1_115' title='bbox 451 2810 566 2878; x_wconf 87' lang='lat' dir='ltr'>fideles</span> <span class='ocrx_word' id='word_1_116' title='bbox 584 2816 617 2877; x_wconf 90' lang='lat' dir='ltr'>et</span> <span class='ocrx_word' id='word_1_117' title='bbox 633 2809 822 2878; x_wconf 79' lang='lat' dir='ltr'>laudabiles</span> <span class='ocrx_word' id='word_1_118' title='bbox 840 2809 1058 2878; x_wconf 81' lang='lat' dir='ltr'>exhibuerunt</span> <span class='ocrx_word' id='word_1_119' title='bbox 1073 2810 1263 2893; x_wconf 81' lang='lat' dir='ltr'>famulatus,</span> <span class='ocrx_word' id='word_1_120' title='bbox 1281 2811 1338 2877; x_wconf 86' lang='lat' dir='ltr'>vbi</span> <span class='ocrx_word' id='word_1_121' title='bbox 1354 2810 1469 2877; x_wconf 84' lang='lat' dir='ltr'>dictus</span> <span class='ocrx_word' id='word_1_122' title='bbox 1566 2871 1567 2883; x_wconf 13' lang='grc' dir='ltr'><strong>ξ</strong></span> 
     </span>
    </p>
   </div>
   <div class='ocr_carea' id='block_1_6' title="bbox 329 2915 1566 4743">
    <p class='ocr_par' dir='ltr' id='par_1_6' title="bbox 329 2915 1566 4743">
     <span class='ocr_line' id='line_1_16' title="bbox 336 2915 1566 3005; baseline -0.008 -16"><span class='ocrx_word' id='word_1_123' title='bbox 336 2923 453 2989; x_wconf 81' lang='lat' dir='ltr'>Comes</span> <span class='ocrx_word' id='word_1_124' title='bbox 471 2915 690 3004; x_wconf 85' lang='lat' dir='ltr'>St(ephauus)</span> <span class='ocrx_word' id='word_1_125' title='bbox 707 2918 850 2985; x_wconf 85' lang='lat' dir='ltr'>letaliter</span> <span class='ocrx_word' id='word_1_126' title='bbox 867 2918 975 2986; x_wconf 86' lang='lat' dir='ltr'>extitit</span> <span class='ocrx_word' id='word_1_127' title='bbox 992 2921 1201 3005; x_wconf 59' lang='lat' dir='ltr'>volneratum</span> <span class='ocrx_word' id='word_1_128' title='bbox 1229 2937 1309 3000; x_wconf 87' lang='lat' dir='ltr'>nos,</span> <span class='ocrx_word' id='word_1_129' title='bbox 1337 2919 1396 3001; x_wconf 92' lang='lat' dir='ltr'>qui</span> <span class='ocrx_word' id='word_1_130' title='bbox 1425 2938 1469 2984; x_wconf 83' lang='lat' dir='ltr'>ex</span> <span class='ocrx_word' id='word_1_131' title='bbox 1565 2951 1566 2979; x_wconf 57' lang='lat' dir='ltr'>r</span> 
     </span>
     <span class='ocr_line' id='line_1_17' title="bbox 336 3025 1565 3113; baseline -0.001 -20"><span class='ocrx_word' id='word_1_132' title='bbox 336 3027 443 3095; x_wconf 88' lang='lat' dir='ltr'>officio</span> <span class='ocrx_word' id='word_1_133' title='bbox 470 3027 617 3113; x_wconf 88' lang='lat' dir='ltr'>suscepti</span> <span class='ocrx_word' id='word_1_134' title='bbox 640 3025 807 3109; x_wconf 83' lang='lat' dir='ltr'>regiminis</span> <span class='ocrx_word' id='word_1_135' title='bbox 824 3029 929 3094; x_wconf 85' lang='lat' dir='ltr'>metiri</span> <span class='ocrx_word' id='word_1_136' title='bbox 947 3029 1104 3097; x_wconf 79' lang='lat' dir='ltr'>dehemus</span> <span class='ocrx_word' id='word_1_137' title='bbox 1121 3029 1239 3095; x_wconf 82' lang='lat' dir='ltr'>merita</span> <span class='ocrx_word' id='word_1_138' title='bbox 1254 3027 1466 3110; x_wconf 82' lang='lat' dir='ltr'>singulorum</span> <span class='ocrx_word' id='word_1_139' title='bbox 1564 3045 1565 3075; x_wconf 63' lang='lat' dir='ltr'>l</span> 
     </span>
     <span class='ocr_line' id='line_1_18' title="bbox 337 3129 1564 3221; baseline 0 -20"><span class='ocrx_word' id='word_1_140' title='bbox 337 3143 369 3201; x_wconf 89' lang='lat' dir='ltr'>et</span> <span class='ocrx_word' id='word_1_141' title='bbox 382 3135 553 3220; x_wconf 82' lang='lat' dir='ltr'>unicuique</span> <span class='ocrx_word' id='word_1_142' title='bbox 574 3135 668 3203; x_wconf 82' lang='lat' dir='ltr'>iuxta</span> <span class='ocrx_word' id='word_1_143' title='bbox 685 3153 815 3204; x_wconf 89' lang='lat' dir='ltr'>suorum</span> <span class='ocrx_word' id='word_1_144' title='bbox 833 3137 1038 3221; x_wconf 84' lang='lat' dir='ltr'>exigenciam</span> <span class='ocrx_word' id='word_1_145' title='bbox 1055 3137 1241 3204; x_wconf 89' lang='lat' dir='ltr'>meritorum</span> <span class='ocrx_word' id='word_1_146' title='bbox 1257 3135 1467 3221; x_wconf 87' lang='lat' dir='ltr'>respondere</span> <span class='ocrx_word' id='word_1_147' title='bbox 1563 3129 1564 3134; x_wconf 68' lang='grc'>’</span> 
     </span>
     <span class='ocr_line' id='line_1_19' title="bbox 336 3243 1469 3334; baseline 0.002 -23"><span class='ocrx_word' id='word_1_148' title='bbox 336 3245 521 3314; x_wconf 87' lang='lat' dir='ltr'>muneribus</span> <span class='ocrx_word' id='word_1_149' title='bbox 539 3244 724 3330; x_wconf 76' lang='lat' dir='ltr'>donadeis,</span> <span class='ocrx_word' id='word_1_150' title='bbox 744 3247 775 3310; x_wconf 93' lang='lat' dir='ltr'>in</span> <span class='ocrx_word' id='word_1_151' title='bbox 792 3247 1132 3334; x_wconf 86' lang='lat' dir='ltr'>recompensacionem</span> <span class='ocrx_word' id='word_1_152' title='bbox 1148 3251 1216 3312; x_wconf 88' lang='lat' dir='ltr'>tam</span> <span class='ocrx_word' id='word_1_153' title='bbox 1232 3243 1377 3312; x_wconf 86' lang='lat' dir='ltr'>fidelium</span> <span class='ocrx_word' id='word_1_154' title='bbox 1397 3265 1469 3313; x_wconf 87' lang='lat' dir='ltr'>ser-</span> 
     </span>
     <span class='ocr_line' id='line_1_20' title="bbox 335 3351 1465 3439; baseline -0.004 -17"><span class='ocrx_word' id='word_1_155' title='bbox 335 3354 492 3422; x_wconf 80' lang='lat' dir='ltr'>uiciorum</span> <span class='ocrx_word' id='word_1_156' title='bbox 519 3352 640 3437; x_wconf 84' lang='lat' dir='ltr'>prefati</span> <span class='ocrx_word' id='word_1_157' title='bbox 666 3353 800 3420; x_wconf 82' lang='lat' dir='ltr'>Comitis</span> <span class='ocrx_word' id='word_1_158' title='bbox 828 3351 1017 3439; x_wconf 86' lang='lat' dir='ltr'>St(ephaui)</span> <span class='ocrx_word' id='word_1_159' title='bbox 1044 3361 1077 3420; x_wconf 90' lang='lat' dir='ltr'>et</span> <span class='ocrx_word' id='word_1_160' title='bbox 1101 3351 1231 3421; x_wconf 80' lang='lat' dir='ltr'>Nicolci</span> <span class='ocrx_word' id='word_1_161' title='bbox 1256 3353 1368 3418; x_wconf 81' lang='lat' dir='ltr'>fratris</span> <span class='ocrx_word' id='word_1_162' title='bbox 1399 3355 1465 3438; x_wconf 87' lang='lat' dir='ltr'>sui,</span> 
     </span>
     <span class='ocr_line' id='line_1_21' title="bbox 336 3460 1469 3546; baseline -0.002 -16"><span class='ocrx_word' id='word_1_163' title='bbox 336 3461 493 3546; x_wconf 85' lang='lat' dir='ltr'>quasdam</span> <span class='ocrx_word' id='word_1_164' title='bbox 510 3469 625 3544; x_wconf 86' lang='lat' dir='ltr'>terras,</span> <span class='ocrx_word' id='word_1_165' title='bbox 643 3461 772 3530; x_wconf 84' lang='lat' dir='ltr'>scilicet</span> <span class='ocrx_word' id='word_1_166' title='bbox 788 3460 1016 3530; x_wconf 84' lang='lat' dir='ltr'>scutiferorum</span> <span class='ocrx_word' id='word_1_167' title='bbox 1041 3468 1224 3530; x_wconf 81' lang='lat' dir='ltr'>nostrorum</span> <span class='ocrx_word' id='word_1_168' title='bbox 1241 3461 1346 3546; x_wconf 81' lang='lat' dir='ltr'>Nylas</span> <span class='ocrx_word' id='word_1_169' title='bbox 1362 3481 1469 3530; x_wconf 84' lang='lat' dir='ltr'>voca·</span> 
     </span>
     <span class='ocr_line' id='line_1_22' title="bbox 335 3569 1465 3653; baseline 0.004 -18"><span class='ocrx_word' id='word_1_170' title='bbox 335 3577 421 3653; x_wconf 87' lang='lat' dir='ltr'>tam;</span> <span class='ocrx_word' id='word_1_171' title='bbox 450 3571 525 3636; x_wconf 90' lang='lat' dir='ltr'>item</span> <span class='ocrx_word' id='word_1_172' title='bbox 555 3577 675 3636; x_wconf 84' lang='lat' dir='ltr'>terram</span> <span class='ocrx_word' id='word_1_173' title='bbox 702 3569 847 3638; x_wconf 85' lang='lat' dir='ltr'>Ducalus</span> <span class='ocrx_word' id='word_1_174' title='bbox 874 3577 907 3637; x_wconf 89' lang='lat' dir='ltr'>ct</span> <span class='ocrx_word' id='word_1_175' title='bbox 923 3577 1044 3636; x_wconf 87' lang='lat' dir='ltr'>terram</span> <span class='ocrx_word' id='word_1_176' title='bbox 1061 3569 1310 3637; x_wconf 84' lang='lat' dir='ltr'>towaruicorum</span> <span class='ocrx_word' id='word_1_177' title='bbox 1326 3577 1465 3640; x_wconf 86' lang='lat' dir='ltr'>nostro-</span> 
     </span>
     <span class='ocr_line' id='line_1_23' title="bbox 333 3678 1469 3762; baseline -0.002 -16"><span class='ocrx_word' id='word_1_178' title='bbox 333 3699 403 3746; x_wconf 91' lang='lat' dir='ltr'>rum</span> <span class='ocrx_word' id='word_1_179' title='bbox 419 3713 463 3724; x_wconf 94' lang='lat'>—</span> <span class='ocrx_word' id='word_1_180' title='bbox 479 3713 521 3724; x_wconf 91' lang='lat'>-··</span> <span class='ocrx_word' id='word_1_181' title='bbox 539 3679 750 3762; x_wconf 87' lang='lat' dir='ltr'>nominatum,</span> <span class='ocrx_word' id='word_1_182' title='bbox 775 3698 847 3746; x_wconf 90' lang='lat' dir='ltr'>cum</span> <span class='ocrx_word' id='word_1_183' title='bbox 865 3680 1013 3746; x_wconf 91' lang='lat' dir='ltr'>omnihus</span> <span class='ocrx_word' id='word_1_184' title='bbox 1030 3678 1229 3748; x_wconf 84' lang='lat' dir='ltr'>utilitatibus</span> <span class='ocrx_word' id='word_1_185' title='bbox 1245 3679 1311 3746; x_wconf 86' lang='lat' dir='ltr'>suia</span> <span class='ocrx_word' id='word_1_186' title='bbox 1321 3727 1331 3761; x_wconf 91' lang='lat'><em>,</em></span> <span class='ocrx_word' id='word_1_187' title='bbox 1349 3680 1469 3749; x_wconf 86' lang='lat' dir='ltr'>uineis</span> 
     </span>
     <span class='ocr_line' id='line_1_24' title="bbox 333 3787 1468 3874; baseline 0.002 -19"><span class='ocrx_word' id='word_1_188' title='bbox 333 3788 459 3855; x_wconf 83' lang='lat' dir='ltr'>scilicet</span> <span class='ocrx_word' id='word_1_189' title='bbox 484 3809 524 3855; x_wconf 87' lang='lat' dir='ltr'>ac</span> <span class='ocrx_word' id='word_1_190' title='bbox 551 3788 761 3873; x_wconf 85' lang='lat' dir='ltr'>pertinenciis</span> <span class='ocrx_word' id='word_1_191' title='bbox 787 3787 984 3874; x_wconf 83' lang='lat' dir='ltr'>earundem,</span> <span class='ocrx_word' id='word_1_192' title='bbox 1010 3787 1178 3872; x_wconf 86' lang='lat' dir='ltr'>dedimus,</span> <span class='ocrx_word' id='word_1_193' title='bbox 1205 3787 1408 3856; x_wconf 82' lang='lat' dir='ltr'>donauimus</span> <span class='ocrx_word' id='word_1_194' title='bbox 1426 3808 1468 3856; x_wconf 85' lang='lat' dir='ltr'>ac</span> 
     </span>
     <span class='ocr_line' id='line_1_25' title="bbox 333 3891 1469 3981; baseline 0.002 -21"><span class='ocrx_word' id='word_1_195' title='bbox 333 3897 525 3965; x_wconf 88' lang='lat' dir='ltr'>contulimus</span> <span class='ocrx_word' id='word_1_196' title='bbox 542 3895 666 3963; x_wconf 88' lang='lat' dir='ltr'>eisdem</span> <span class='ocrx_word' id='word_1_197' title='bbox 684 3897 801 3965; x_wconf 84' lang='lat' dir='ltr'>Oonriti</span> <span class='ocrx_word' id='word_1_198' title='bbox 818 3891 1016 3981; x_wconf 85' lang='lat' dir='ltr'>St(ephauo)</span> <span class='ocrx_word' id='word_1_199' title='bbox 1034 3893 1214 3963; x_wconf 86' lang='lat' dir='ltr'>etNioolao</span> <span class='ocrx_word' id='word_1_200' title='bbox 1232 3895 1323 3964; x_wconf 82' lang='lat' dir='ltr'>fratri</span> <span class='ocrx_word' id='word_1_201' title='bbox 1339 3917 1407 3964; x_wconf 90' lang='lat' dir='ltr'>suo</span> <span class='ocrx_word' id='word_1_202' title='bbox 1426 3917 1469 3964; x_wconf 86' lang='lat' dir='ltr'>ac</span> 
     </span>
     <span class='ocr_line' id='line_1_26' title="bbox 332 4003 1467 4089; baseline 0.004 -21"><span class='ocrx_word' id='word_1_203' title='bbox 332 4023 391 4089; x_wconf 89' lang='lat' dir='ltr'>per</span> <span class='ocrx_word' id='word_1_204' title='bbox 407 4025 480 4073; x_wconf 82' lang='lat' dir='ltr'>eum</span> <span class='ocrx_word' id='word_1_205' title='bbox 498 4023 607 4072; x_wconf 89' lang='lat' dir='ltr'>eorum</span> <span class='ocrx_word' id='word_1_206' title='bbox 624 4003 808 4088; x_wconf 88' lang='lat' dir='ltr'>heredibus,</span> <span class='ocrx_word' id='word_1_207' title='bbox 827 4005 1048 4086; x_wconf 85' lang='lat' dir='ltr'>heredumque</span> <span class='ocrx_word' id='word_1_208' title='bbox 1059 4023 1190 4073; x_wconf 90' lang='lat' dir='ltr'>suorum</span> <span class='ocrx_word' id='word_1_209' title='bbox 1207 4005 1467 4074; x_wconf 84' lang='lat' dir='ltr'>successorihus</span> 
     </span>
     <span class='ocr_line' id='line_1_27' title="bbox 331 4112 1467 4200; baseline 0.004 -22"><span class='ocrx_word' id='word_1_210' title='bbox 331 4113 400 4180; x_wconf 89' lang='lat' dir='ltr'>iure</span> <span class='ocrx_word' id='word_1_211' title='bbox 421 4118 579 4198; x_wconf 89' lang='lat' dir='ltr'>perpetuo</span> <span class='ocrx_word' id='word_1_212' title='bbox 596 4121 628 4180; x_wconf 92' lang='lat' dir='ltr'>et</span> <span class='ocrx_word' id='word_1_213' title='bbox 645 4113 903 4180; x_wconf 85' lang='lat' dir='ltr'>irreuoeabiliter</span> <span class='ocrx_word' id='word_1_214' title='bbox 926 4112 1151 4200; x_wconf 88' lang='lat' dir='ltr'>possidendas,</span> <span class='ocrx_word' id='word_1_215' title='bbox 1170 4113 1330 4180; x_wconf 81' lang='lat' dir='ltr'>tenendas</span> <span class='ocrx_word' id='word_1_216' title='bbox 1347 4121 1386 4179; x_wconf 90' lang='lat' dir='ltr'>et</span> <span class='ocrx_word' id='word_1_217' title='bbox 1406 4113 1467 4182; x_wconf 89' lang='lat' dir='ltr'>ha·</span> 
     </span>
     <span class='ocr_line' id='line_1_28' title="bbox 331 4220 1465 4306; baseline -0.001 -17"><span class='ocrx_word' id='word_1_218' title='bbox 331 4220 467 4306; x_wconf 88' lang='lat' dir='ltr'>bendas,</span> <span class='ocrx_word' id='word_1_219' title='bbox 480 4222 750 4305; x_wconf 88' lang='lat' dir='ltr'>quemadmodum</span> <span class='ocrx_word' id='word_1_220' title='bbox 762 4221 882 4290; x_wconf 91' lang='lat' dir='ltr'>dudum</span> <span class='ocrx_word' id='word_1_221' title='bbox 899 4221 1023 4289; x_wconf 91' lang='lat' dir='ltr'>eisdem</span> <span class='ocrx_word' id='word_1_222' title='bbox 1035 4220 1252 4291; x_wconf 89' lang='lat' dir='ltr'>dinosscimur</span> <span class='ocrx_word' id='word_1_223' title='bbox 1264 4223 1465 4292; x_wconf 86' lang='lat' dir='ltr'>contulisse.</span> 
     </span>
     <span class='ocr_line' id='line_1_29' title="bbox 332 4329 1468 4417; baseline 0.005 -23"><span class='ocrx_word' id='word_1_224' title='bbox 332 4331 373 4394; x_wconf 87' lang='lat' dir='ltr'>Vr</span> <span class='ocrx_word' id='word_1_225' title='bbox 389 4329 487 4414; x_wconf 83' lang='lat' dir='ltr'>igitur</span> <span class='ocrx_word' id='word_1_226' title='bbox 504 4329 688 4398; x_wconf 88' lang='lat' dir='ltr'>huiusmodi</span> <span class='ocrx_word' id='word_1_227' title='bbox 705 4329 843 4395; x_wconf 88' lang='lat' dir='ltr'>collacio</span> <span class='ocrx_word' id='word_1_228' title='bbox 861 4349 917 4415; x_wconf 94' lang='lat' dir='ltr'>per</span> <span class='ocrx_word' id='word_1_229' title='bbox 934 4349 993 4397; x_wconf 91' lang='lat' dir='ltr'>uos</span> <span class='ocrx_word' id='word_1_230' title='bbox 1013 4329 1102 4396; x_wconf 84' lang='lat' dir='ltr'>lacta</span> <span class='ocrx_word' id='word_1_231' title='bbox 1113 4331 1210 4398; x_wconf 92' lang='lat' dir='ltr'>rohur</span> <span class='ocrx_word' id='word_1_232' title='bbox 1221 4331 1373 4398; x_wconf 88' lang='lat' dir='ltr'>obtineat</span> <span class='ocrx_word' id='word_1_233' title='bbox 1385 4353 1468 4417; x_wconf 87' lang='lat' dir='ltr'>per-</span> 
     </span>
     <span class='ocr_line' id='line_1_30' title="bbox 332 4437 1468 4526; baseline 0.007 -23"><span class='ocrx_word' id='word_1_234' title='bbox 332 4443 428 4523; x_wconf 89' lang='lat' dir='ltr'>petue</span> <span class='ocrx_word' id='word_1_235' title='bbox 439 4437 612 4520; x_wconf 85' lang='lat' dir='ltr'>firmitatis,</span> <span class='ocrx_word' id='word_1_236' title='bbox 626 4457 685 4505; x_wconf 89' lang='lat' dir='ltr'>uec</span> <span class='ocrx_word' id='word_1_237' title='bbox 696 4437 761 4505; x_wconf 93' lang='lat' dir='ltr'>ullo</span> <span class='ocrx_word' id='word_1_238' title='bbox 771 4457 912 4521; x_wconf 77' lang='lat' dir='ltr'>unquam</span> <span class='ocrx_word' id='word_1_239' title='bbox 923 4444 1070 4525; x_wconf 91' lang='lat' dir='ltr'>tempore</span> <span class='ocrx_word' id='word_1_240' title='bbox 1081 4459 1139 4524; x_wconf 89' lang='lat' dir='ltr'>per</span> <span class='ocrx_word' id='word_1_241' title='bbox 1150 4441 1333 4525; x_wconf 89' lang='lat' dir='ltr'>quempiam</span> <span class='ocrx_word' id='word_1_242' title='bbox 1346 4445 1468 4526; x_wconf 85' lang='lat' dir='ltr'>possit</span> 
     </span>
     <span class='ocr_line' id='line_1_31' title="bbox 330 4545 1468 4636; baseline 0.009 -25"><span class='ocrx_word' id='word_1_243' title='bbox 330 4547 382 4611; x_wconf 88' lang='lat' dir='ltr'>vel</span> <span class='ocrx_word' id='word_1_244' title='bbox 400 4545 519 4612; x_wconf 86' lang='lat' dir='ltr'>debeat</span> <span class='ocrx_word' id='word_1_245' title='bbox 539 4547 721 4630; x_wconf 83' lang='lat' dir='ltr'>retractari,</span> <span class='ocrx_word' id='word_1_246' title='bbox 734 4553 907 4633; x_wconf 88' lang='lat' dir='ltr'>presentes</span> <span class='ocrx_word' id='word_1_247' title='bbox 929 4549 1150 4616; x_wconf 84' lang='lat' dir='ltr'>concessimus</span> <span class='ocrx_word' id='word_1_248' title='bbox 1168 4547 1333 4634; x_wconf 87' lang='lat' dir='ltr'>dupplicis</span> <span class='ocrx_word' id='word_1_249' title='bbox 1350 4549 1468 4636; x_wconf 86' lang='lat' dir='ltr'>sigilli</span> 
     </span>
     <span class='ocr_line' id='line_1_32' title="bbox 329 4654 1468 4743; baseline 0.009 -25"><span class='ocrx_word' id='word_1_250' title='bbox 329 4654 431 4720; x_wconf 90' lang='lat' dir='ltr'>nostri</span> <span class='ocrx_word' id='word_1_251' title='bbox 462 4655 638 4721; x_wconf 90' lang='lat' dir='ltr'>munimine</span> <span class='ocrx_word' id='word_1_252' title='bbox 667 4657 848 4724; x_wconf 82' lang='lat' dir='ltr'>roboratus.</span> <span class='ocrx_word' id='word_1_253' title='bbox 878 4659 999 4725; x_wconf 81' lang='lat' dir='ltr'>Datum</span> <span class='ocrx_word' id='word_1_254' title='bbox 1027 4677 1083 4743; x_wconf 88' lang='lat' dir='ltr'>per</span> <span class='ocrx_word' id='word_1_255' title='bbox 1109 4677 1224 4726; x_wconf 88' lang='lat' dir='ltr'>manus</span> <span class='ocrx_word' id='word_1_256' title='bbox 1250 4661 1468 4729; x_wconf 84' lang='lat' dir='ltr'>venerahilis</span> 
     </span>
    </p>
   </div>
   <div class='ocr_carea' id='block_1_7' title="bbox 0 0 1582 5166">
    <p class='ocr_par' dir='ltr' id='par_1_7' title="bbox 0 0 1582 5166">
     <span class='ocr_line' id='line_1_33' title="bbox 0 0 1582 5166; baseline 0 8"><span class='ocrx_word' id='word_1_257' title='bbox 0 0 1582 5166; x_wconf 95' lang='lat' dir='ltr'> </span> 
     </span>
    </p>
   </div>
  </div>
 </body>
</html>
