3142 5164
663 1005 739 1071 146.

132 1203 193 1269 IV.
210 1202 327 1267 Ldozld
341 1200 450 1288 kirtly
476 1203 673 1290 oeeperdstti,
699 1203 803 1269 Dom
819 1203 953 1270 Pesrehe'
969 1204 1101 1294 clupeo
1117 1207 1169 1290 fio
1193 1211 1261 1272 aad

132 1312 246 1395 sadra,
278 1309 314 1377 V.
331 1312 441 1377 Iatvdrr
466 1309 664 1398 kirdlynok,
689 1312 807 1376 Peereb
821 1314 905 1377 aeoli
928 1311 1071 1379 birtokra
1090 1315 1264 1380 oonotkoed

538 1419 741 1507 adomdaydt.
758 1421 857 1488 1282.

242 1616 424 1686 Ladizlaus
450 1617 513 1684 Dei
538 1617 653 1701 groela
673 1617 864 1704 Huugarie,
889 1618 1083 1704 Dalmaeie,
1111 1620 1257 1706 Groaeie,

132 1729 257 1810 Reme,
274 1727 408 1811 Seruio,
427 1725 586 1810 Gallicis,
606 1727 803 1794 Lodomerie
813 1778 823 1814 ,
841 1727 1002 1796 Cumanis
1012 1777 1022 1813 ,
1040 1731 1260 1816 Bulgorieque

133 1837 205 1903 Rex
220 1833 370 1904 omnibus
387 1834 509 1903 Christi
525 1833 679 1902 fidelibus
696 1844 766 1903 tam
781 1838 1011 1922 presentibus,
1030 1857 1127 1922 quem
1143 1837 1260 1906 futuris
1330 1909 1337 1924 ι

133 1963 272 2031 presens
289 1943 451 2031 seriptum
466 1943 667 2027 inspecturis
693 1944 837 2013 salutem
853 1945 886 2010 in
903 1965 951 2031 eo,
969 1947 1025 2029 qui
1040 1947 1187 2032 Regibus
1203 1945 1262 2013 dat

134 2055 286 2124 salutem
310 2053 415 2122 Justis
430 2051 634 2138 petioionum
660 2052 837 2120 desideriis
855 2072 1031 2122 assensum
1055 2041 1194 2144 prebere
1209 2055 1263 2123 ius

132 2163 251 2229 inritat
267 2167 300 2229 et
316 2162 454 2247 Regalis
471 2159 581 2247 pietas
610 2166 787 2228 exortatur.
812 2161 955 2230 Proinde
980 2161 1024 2228 ad
1040 2163 1264 2232 uniuersorum

132 2272 292 2340 notioiam
306 2277 422 2339 tenore
438 2269 647 2356 presentium
662 2269 814 2336 volumus
830 2269 1015 2356 peruenire,
1034 2271 1122 2355 quod
1139 2271 1262 2359 Dyoui·

132 2379 203 2450 sius
218 2379 306 2446 tilius
332 2377 482 2465 (lhepani
507 2378 554 2444 de·
567 2377 690 2446 Peereh
716 2377 761 2444 ad
778 2384 924 2445 rosham
940 2381 1110 2462 aeeedene
1126 2399 1261 2465 presen-

133 2489 222 2556 eiam
237 2488 388 2556 exhibuit
413 2486 509 2554 uobis
526 2491 679 2575 patentes
696 2487 812 2552 literas
838 2487 960 2554 domini
976 2488 1136 2575 Stephani
1152 2490 1258 2574 patris

133 2598 239 2666 nostri
254 2595 424 2666 karissimi
439 2595 541 2682 Regis
558 2593 748 2663 felicissime
764 2596 1026 2681 reeordationis,
1054 2603 1172 2682 petens
1187 2615 1261 2664 eum

131 2704 311 2791 instancia,
328 2712 365 2772 vt
380 2705 472 2789 ipsas
489 2713 580 2771 ratos
598 2703 718 2772 hahere
734 2723 775 2770 ae
801 2711 914 2774 nostro
929 2702 1142 2789 dignaremur
1160 2706 1262 2790 priui-

130 2815 222 2900 legio
240 2814 447 2882 eoniirmare.
472 2813 617 2893 Quarum
634 2812 766 2896 quidem
782 2821 876 2882 tenor
891 2813 969 2880 talis
987 2819 1040 2882 est
1057 2836 1065 2878 :

239 2922 307 2989 Nos
324 2923 370 2990 st
380 2922 443 2991 Dei
452 2921 566 3004 meeis
576 2921 646 2988 Rex
661 2920 831 3005 Hungarie
847 2921 911 2987 stb.
921 2924 1103 2998 (revenerit
1112 2927 1147 2984 v.
1164 2927 1262 2983 Ietven

131 3037 228 3110 kirtly
243 3037 411 3110 odombnyu,
420 3037 497 3110 moly
507 3034 652 3092 olvashatd
664 3035 900 3109 Okmsnyoerunk
915 3035 966 3090 ΙΙΙ.
982 3035 1136 3092 hhtetdben
1149 3033 1211 3090 174
1229 3033 1261 3106 l.)

242 3138 314 3205 Nos
330 3139 444 3222 itaque
460 3135 668 3206 attendentes
685 3136 864 3204 fidelitates
881 3143 914 3202 et
930 3143 1029 3222 grata
1046 3135 1206 3218 obsequia
1221 3153 1262 3201 ae
1359 3207 1362 3214 ‚

132 3247 337 3332 obsequiosa
352 3245 471 3314 merita
486 3245 591 3329 ipsius
618 3244 772 3330 Dyonisij
789 3244 898 3312 ridelis
918 3245 1033 3330 nostri,
1050 3263 1113 3327 que
1129 3262 1262 3328 semper

133 3365 168 3423 et
184 3356 305 3440 ubique
331 3357 474 3423 looorum
497 3354 532 3420 in
560 3353 704 3420 diuersis
730 3353 1001 3438 expedicionibus
1026 3351 1131 3434 Regni
1157 3353 1261 3420 nostri

133 3463 277 3532 fideliter
294 3461 451 3548 exhibuit,
469 3467 502 3529 et
517 3459 698 3545 indefesse,
717 3469 750 3527 et
765 3463 907 3528 maxime
923 3470 1010 3544 tune,
1028 3480 1101 3526 oum
1116 3467 1260 3526 nastrum

132 3573 246 3660 Fynta
262 3572 322 3640 filii
340 3569 452 3638 Dauid
467 3567 609 3636 infidelis
635 3570 736 3634 nostri
756 3569 919 3636 Seelenoh
946 3574 1099 3634 nonatum
1124 3567 1260 3635 feoisse·

131 3703 206 3749 mus
224 3678 418 3769 expugnari,
435 3678 523 3744 idem
539 3677 718 3763 Dyonisins
736 3683 891 3746 consuete
908 3676 1078 3746 fidelitatis
1095 3697 1179 3762 opus
1194 3695 1260 3742 nou

131 3793 293 3858 deserens
309 3805 486 3876 personam
502 3805 596 3858 suam
607 3786 734 3852 fortune
751 3787 884 3853 ossibus
894 3785 1115 3854 submittendo
1132 3786 1260 3854 irruens

131 3907 211 3966 ante
227 3898 323 3980 alios,
341 3895 437 3963 nobis
462 3895 682 3981 oerueutibns,
708 3914 830 3979 graues
854 3897 940 3963 ietus
967 3894 1118 3982 lapideos
1142 3895 1175 3960 in
1201 3913 1260 3962 suo

131 4028 275 4094 eorpore
290 4007 324 4074 iu
349 4007 423 4090 ipsa
439 4024 550 4090 pugna
577 4004 729 4090 suseepit.
760 4004 828 4073 Nos
845 4005 945 4090 igitur
959 4022 1020 4089 pro
1048 4010 1096 4070 tot
1111 4008 1145 4070 et
1159 4002 1261 4070 tantis

131 4117 312 4201 meritoriJs
328 4115 479 4200 sernieiJs
495 4112 640 4181 eiusdem
656 4111 821 4200 Dyouisij,
839 4111 1002 4200 prefatam
1018 4119 1147 4198 terram,
1163 4120 1260 4198 prout

133 4225 225 4294 idem
249 4231 346 4310 pater
361 4229 473 4292 noster
488 4222 553 4290 sihi
574 4222 770 4308 contulerat,
787 4241 859 4289 oum
883 4220 1080 4289 utilitatibus
1105 4223 1174 4290 suis
1188 4221 1259 4288 vni·

133 4335 249 4419 uersis,
262 4333 324 4402 snb
340 4329 465 4400 eisdem
479 4330 576 4400 metis
591 4337 624 4398 et
639 4331 798 4416 terminis,
815 4329 849 4396 iu
865 4329 985 4414 quihus
1001 4349 1061 4416 per
1077 4329 1187 4415 ipsum
1203 4328 1259 4396 Jo-

132 4442 279 4510 hannem
293 4441 410 4510 habite
426 4459 500 4510 esse
516 4439 698 4506 diuosoitur
713 4445 746 4508 et
762 4457 931 4528 possessa,
947 4437 1118 4524 sepedieto
1134 4435 1259 4523 Dyoni·

133 4555 182 4624 sio
199 4557 234 4618 et
248 4550 319 4618 suis
334 4549 510 4618 heredibus
535 4547 759 4634 heredumque
784 4567 914 4614 suorum
937 4544 1186 4614 suceessorihus
1202 4542 1258 4610 de·

134 4661 262 4744 dimus,
294 4657 494 4730 donauimus
520 4665 620 4741 atque
647 4657 842 4725 tradidimus
868 4663 1028 4743 perpetuo
1055 4658 1090 4720 et
1120 4650 1259 4738 paeihee
