3142 5164
847 251 914 320 200

782 341 945 354 ———---

305 455 426 524 tiamus
442 451 558 524 inviti:
576 452 608 520 in
619 451 777 540 prodistis
788 457 898 518 umen
909 455 1028 518 eontra
1037 450 1154 530 Deum,
1171 453 1314 519 salutem
1325 469 1430 540 suam,

305 563 402 634 iidem
428 563 570 634 eandem
585 569 620 631 et
643 559 907 631 seolseiestiesm
932 559 1120 630 libertatem
1148 561 1212 630 sibi
1232 581 1294 630 nee
1318 561 1432 630 lavere

304 693 490 763 possumus,
507 694 570 743 neo
586 672 737 753 deleme,
760 673 892 755 quando
908 671 1019 758 potius
1036 671 1070 738 in
1087 689 1128 738 eo
1153 672 1299 739 zelamur
1314 671 1432 742 erlen-

305 786 370 854 tius
387 809 396 852 r
412 802 475 868 ne,
503 780 592 866 quod
606 779 697 850 absit
706 831 716 866 ,
738 780 772 848 in
790 779 1005 867 protervitate
1020 798 1084 847 sna
1106 797 1283 848 remanens
1298 781 1370 848 Rex
1386 781 1434 849 in·

306 898 423 962 eautus
440 890 483 959 sle
497 887 682 958 orthodoxe
698 893 851 956 consorte
867 893 1005 974 generet
1028 892 1125 976 pater
1142 885 1258 956 desios
1273 885 1359 955 lilios
1375 907 1434 975 pa-

154 1046 158 1055 ·
306 1000 492 1084 trissantea
508 1005 543 1068 et
558 997 760 1065 felixmatar
775 1015 817 1064 ex
832 1013 955 1082 genere
971 995 1059 1064 lilios
1075 994 1140 1063 sibi
1154 992 1335 1063 dissimiles
1351 1015 1431 1066 aen-

307 1109 369 1176 list
382 1103 543 1174 inteliees.
560 1102 610 1173 'l'e
621 1103 721 1190 igitur
735 1103 884 1172 eiusdem
900 1101 977 1171 fidei
988 1101 1151 1173 torridum
1161 1104 1339 1172 zelatorem
1349 1105 1435 1172 tanti

307 1212 387 1284 boni
402 1211 599 1301 partieipem
624 1229 700 1280 esse
716 1212 866 1280 volentes
882 1231 924 1281 ee
939 1217 1136 1298 sperantes,
1160 1210 1250 1298 quod
1265 1210 1434 1300 prediotus

308 1325 379 1392 Rex
395 1315 541 1408 Ungarie
566 1319 632 1389 tuis
657 1319 819 1406 praeieris
835 1319 954 1390 studiis
979 1322 1023 1390 ad
1040 1321 1129 1389 viam
1155 1319 1276 1388 salutis
1303 1319 1434 1390 laellius

309 1429 493 1514 reduestur,
509 1429 730 1498 serenitatem
745 1427 882 1516 Regiam
895 1447 1052 1516 rogamus
1068 1435 1102 1496 et
1111 1428 1281 1498 hortamur
1297 1435 1434 1516 attente,

311 1546 474 1627 qnamnus
489 1539 649 1626 pemoula,
672 1555 737 1624 que
751 1543 889 1625 possent
905 1558 948 1606 ex
964 1538 1136 1626 premissis
1152 1558 1333 1626 emergere,
1357 1537 1436 1606 ‹lili-

310 1652 427 1728 genter
441 1645 628 1732 abundans,
653 1664 715 1714 nso
729 1645 837 1715 minus
854 1647 1060 1734 oompstiens
1083 1647 1167 1732 Regi
1184 1653 1218 1714 et
1233 1647 1350 1733 Regno
1363 1667 1435 1734 pre·

313 1753 431 1839 dietis,
456 1755 502 1823 sd
516 1755 640 1839 Regem
667 1754 853 1842 prestetum
867 1755 998 1824 litterss
1014 1761 1048 1822 et
1063 1755 1199 1823 nuutios
1224 1761 1359 1843 propter
1375 1755 1437 1822 boe

313 1862 449 1948 diriges,
466 1881 538 1930 eum
555 1861 736 1948 Regslibus
761 1861 1003 1931 induetionibus
1027 1861 1226 1946 ludunendo,
1244 1862 1332 1948 quod
1349 1863 1436 1932 dieto

312 1969 452 2057 Legato,
473 1972 572 2040 immo
588 1970 683 2040 nobis
706 1971 740 2038 in
764 1971 838 2059 ipso
866 1971 976 2060 potius
1000 1972 1201 2058 acquiescat.
1225 1973 1268 2040 lit
1291 1979 1329 2040 ut
1353 1971 1437 2042 islem
1548 2012 1549 2038 r

314 2079 386 2146 Rex
403 2079 564 2148 fervorem
580 2077 767 2150 devotionis
775 2131 786 2167 ,
811 2101 874 2166 quo
890 2080 996 2150 Deum
1014 2087 1165 2168 patrem,
1191 2079 1288 2149 iidem
1305 2080 1439 2150 eatholi·
1549 2090 1550 2118 ¹

315 2207 389 2254 eam
405 2187 505 2256 veluti
522 2187 593 2255 eius
610 2189 713 2257 eultor
729 2197 763 2259 et
788 2189 917 2258 athleta
931 2189 1114 2277 preoipnus
1137 2190 1224 2258 inter
1241 2189 1327 2257 alios
1352 2189 1439 2257 orbis
1550 2168 1552 2250 Ὗ

316 2301 402 2364 terre
419 2295 608 2368 (istholloos
625 2298 794 2386 Principes
803 2299 977 2386 revereris,
995 2299 1085 2367 olere
1097 2298 1263 2388 pereipiat
1278 2307 1312 2366 et
1321 2299 1441 2367 sentiet
1552 2324 1553 2330 ¹

317 2403 484 2490 apertius,
509 2404 627 2491 qulbus
652 2407 687 2474 in
702 2406 826 2476 talibus
842 2405 968 2476 utinam
994 2427 1059 2476 non
1088 2405 1255 2476 erroribus
1279 2405 1440 2475 aObristi

316 2511 467 2583 fidelibus
480 2515 710 2603 substentetur,
727 2517 924 2602 prenuneies
941 2517 1060 2598 eidem,
1078 2515 1169 2601 quod
1184 2517 1224 2603 si,
1242 2515 1330 2600 quod
1345 2513 1440 2599 sbsit,

317 2622 367 2690 sie
382 2621 575 2691 inobediens
597 2629 792 2712 remaneret,
809 2625 930 2692 nedum
946 2625 1035 2709 quod
1049 2643 1115 2692 nou
1135 2629 1249 2711 posset
1264 2623 1308 2692 de
1322 2631 1380 2692 tuo
1395 2621 1440 2690 ia·

317 2749 398 2798 vore
414 2729 599 2816 eonlidere,
625 2750 740 2798 serum
756 2732 856 2799 etiam
882 2731 926 2799 ad
948 2731 1170 2800 resistendum
1196 2739 1313 2800 eontra
1338 2733 1439 2818 ipsum

319 2856 392 2904 eum
409 2837 484 2904 allis
501 2837 681 2908 Catholieis
698 2839 810 2907 mundi
827 2840 1045 2928 Prinolpibus,
1069 2861 1129 2927 pro
1146 2839 1225 2909 fidei
1239 2839 1389 2928 predicte
1404 2861 1440 2908 se

319 2945 485 3014 libertatis
501 2947 727 3016 eoeles’astiee
752 2949 1008 3037 observatione,
1023 2956 1057 3016 te
1074 2947 1257 3018 christiane
1273 2949 1440 3035 religionis

323 3057 468 3126 debitum
485 3057 693 3135 oobartsret‚
719 3077 791 3125 eum
808 3079 873 3126 non
890 3059 934 3128 sit
950 3057 1164 3128 deferendum
1189 3059 1316 3128 homini
1332 3065 1441 3126 ooutm

318 3167 437 3238 Deum.
462 3167 638 3251 Promissa,
654 3165 700 3233 fili
717 3167 899 3252 carissime,
923 3168 1010 3236 siout
1025 3169 1068 3237 de
1084 3176 1142 3236 tua
1159 3165 1252 3234 olare
1268 3167 1440 3235 devotione

321 3273 524 3364 eontidimns,
540 3295 652 3346 eornm
669 3277 827 3360 qualitate
840 3281 994 3364 pensate,
1004 3275 1117 3344 taliter
1135 3277 1343 3361 impletums,
1360 3273 1441 3360 quob

321 3403 381 3471 per
395 3383 459 3452 boo
474 3385 545 3453 Deo
561 3384 649 3472 petri
665 3389 698 3449 et
714 3383 813 3452 nobis
829 3381 928 3470 digne
945 3383 1176 3471 eomplaeeas,
1203 3389 1237 3450 et
1255 3391 1370 3469 preter
1385 3381 1440 3450 Di-

322 3493 399 3561 vine
417 3491 640 3562 retributionis
655 3491 832 3580 premium,
850 3492 994 3562 humane
1010 3493 1119 3562 laudis
1136 3491 1329 3581 preconium
1346 3509 1441 3559 mere·

322 3603 402 3671 sris.
417 3603 541 3672 Datum
557 3602 660 3670 Rome
676 3601 767 3689 apud
787 3601 943 3670 Ssnetum
954 3602 1089 3670 Petrum
1104 3601 1144 3668 V.
1155 3599 1234 3668 Idus
1244 3598 1443 3668 Decembris.

324 3707 552 3795 (Postiliostus
567 3706 684 3798 nostrl)
701 3729 789 3778 anno
810 3708 965 3778 seeundo.

431 3839 470 3905 ln
487 3855 517 3906 e.
532 3857 575 3905 m.
590 3837 761 3908 carissimo
777 3835 951 3907 mObristo
961 3835 1030 3905 filio
1046 3835 1084 3904 s.
1095 3835 1199 3920 Regni
1214 3837 1441 3903 Romsnorum.

426 4049 488 4123 (ns
500 4049 607 4110 mmo·
617 4047 698 4128 prpe
709 4047 911 4126 sogesserunt
923 4051 1051 4110 meno
1062 4051 1092 4110 ro
1104 4069 1140 4108 m.
1154 4051 1175 4108 r.
1190 4049 1218 4108 a.
1231 4049 1295 4108 ses.
1308 4049 1340 4124 r.)

750 4303 1017 4324 Μ
