<?xml version="1.0" encoding="UTF-8"?>
<!DOCTYPE html PUBLIC "-//W3C//DTD XHTML 1.0 Transitional//EN"
    "http://www.w3.org/TR/xhtml1/DTD/xhtml1-transitional.dtd">
<html xmlns="http://www.w3.org/1999/xhtml" xml:lang="en" lang="en">
 <head>
  <title>
</title>
<meta http-equiv="Content-Type" content="text/html;charset=utf-8" />
  <meta name='ocr-system' content='tesseract 3.04.00' />
  <meta name='ocr-capabilities' content='ocr_page ocr_carea ocr_par ocr_line ocrx_word'/>
</head>
<body>
  <div class='ocr_page' id='page_1' title='image "./codexdiplomatic08wenzgoog_0170.png"; bbox 0 0 3116 5166; ppageno 0'>
   <div class='ocr_carea' id='block_1_1' title="bbox 334 1101 1456 1409">
    <p class='ocr_par' dir='ltr' id='par_1_1' title="bbox 334 1101 1456 1409">
     <span class='ocr_line' id='line_1_1' title="bbox 335 1101 1456 1196; baseline 0.004 -27"><span class='ocrx_word' id='word_1_1' title='bbox 335 1101 394 1191; x_wconf 79' lang='lat'><strong>14)</strong></span> <span class='ocrx_word' id='word_1_2' title='bbox 419 1101 450 1170; x_wconf 76' lang='lat' dir='ltr'><strong><em>A</em></strong></span> <span class='ocrx_word' id='word_1_3' title='bbox 470 1105 564 1194; x_wconf 81' lang='lat' dir='ltr'><strong>pdpc</strong></span> <span class='ocrx_word' id='word_1_4' title='bbox 590 1101 727 1194; x_wconf 72' lang='lat' dir='ltr'><strong>insopor</strong></span> <span class='ocrx_word' id='word_1_5' title='bbox 744 1103 972 1193; x_wconf 66' lang='lat' dir='ltr'><strong>feljopcstp‘c,</strong></span> <span class='ocrx_word' id='word_1_6' title='bbox 988 1107 1067 1194; x_wconf 78' lang='lat' dir='ltr'><strong>topy</strong></span> <span class='ocrx_word' id='word_1_7' title='bbox 1082 1105 1204 1172; x_wconf 74' lang='lat' dir='ltr'><strong>iridem</strong></span> <span class='ocrx_word' id='word_1_8' title='bbox 1220 1107 1320 1172; x_wconf 65' lang='lat' dir='ltr'><strong>edom</strong></span> <span class='ocrx_word' id='word_1_9' title='bbox 1336 1129 1456 1196; x_wconf 70' lang='lat' dir='ltr'><strong>uppem</strong></span> 
     </span>
     <span class='ocr_line' id='line_1_2' title="bbox 334 1209 1455 1301; baseline 0.003 -24"><span class='ocrx_word' id='word_1_10' title='bbox 334 1233 391 1298; x_wconf 72' lang='lat' dir='ltr'><strong>cpy</strong></span> <span class='ocrx_word' id='word_1_11' title='bbox 413 1209 505 1278; x_wconf 76' lang='lat' dir='ltr'><strong>tetre</strong></span> <span class='ocrx_word' id='word_1_12' title='bbox 528 1212 773 1300; x_wconf 75' lang='lat' dir='ltr'><strong>mepcnpedbeto&#39;,</strong></span> <span class='ocrx_word' id='word_1_13' title='bbox 798 1215 956 1280; x_wconf 65' lang='lat' dir='ltr'><strong>miramini</strong></span> <span class='ocrx_word' id='word_1_14' title='bbox 979 1213 1039 1280; x_wconf 77' lang='lat' dir='ltr'><strong>illd</strong></span> <span class='ocrx_word' id='word_1_15' title='bbox 1052 1213 1210 1280; x_wconf 64' lang='lat' dir='ltr'><strong>tneo-essct</strong></span> <span class='ocrx_word' id='word_1_16' title='bbox 1225 1213 1365 1301; x_wconf 71' lang='lat' dir='ltr'><strong>hemely</strong></span> <span class='ocrx_word' id='word_1_17' title='bbox 1379 1237 1455 1280; x_wconf 76' lang='lat' dir='ltr'><strong>reer-</strong></span> 
     </span>
     <span class='ocr_line' id='line_1_3' title="bbox 600 1319 1188 1409; baseline 0.003 -23"><span class='ocrx_word' id='word_1_18' title='bbox 600 1330 648 1386; x_wconf 79' lang='lat' dir='ltr'><strong>ect</strong></span> <span class='ocrx_word' id='word_1_19' title='bbox 662 1319 849 1388; x_wconf 77' lang='lat' dir='ltr'><strong>kolastoras&#39;t</strong></span> <span class='ocrx_word' id='word_1_20' title='bbox 872 1321 1188 1409; x_wconf 70' lang='lat' dir='ltr'><strong>mopttmpaetcauk.</strong></span> 
     </span>
    </p>
   </div>
   <div class='ocr_carea' id='block_1_2' title="bbox 333 1518 1456 3234">
    <p class='ocr_par' dir='ltr' id='par_1_2' title="bbox 333 1518 1456 3234">
     <span class='ocr_line' id='line_1_4' title="bbox 442 1518 1456 1607; baseline 0.002 -22"><span class='ocrx_word' id='word_1_21' title='bbox 442 1518 597 1586; x_wconf 84' lang='lat' dir='ltr'><strong>Nicolaus</strong></span> <span class='ocrx_word' id='word_1_22' title='bbox 611 1519 799 1607; x_wconf 73' lang='lat' dir='ltr'><strong>Episcopus</strong></span> <span class='ocrx_word' id='word_1_23' title='bbox 815 1538 929 1588; x_wconf 85' lang='lat' dir='ltr'><strong>seruus</strong></span> <span class='ocrx_word' id='word_1_24' title='bbox 946 1540 1112 1590; x_wconf 89' lang='lat' dir='ltr'><strong>seruorum</strong></span> <span class='ocrx_word' id='word_1_25' title='bbox 1128 1521 1192 1588; x_wconf 89' lang='lat' dir='ltr'><strong>Dei</strong></span> <span class='ocrx_word' id='word_1_26' title='bbox 1204 1520 1388 1589; x_wconf 81' lang='lat' dir='ltr'><strong>venerabili</strong></span> <span class='ocrx_word' id='word_1_27' title='bbox 1397 1521 1456 1587; x_wconf 80' lang='lat' dir='ltr'><strong>dra-</strong></span> 
     </span>
     <span class='ocr_line' id='line_1_5' title="bbox 334 1627 1455 1718; baseline 0.001 -23"><span class='ocrx_word' id='word_1_28' title='bbox 334 1628 376 1696; x_wconf 87' lang='lat' dir='ltr'><strong>tri</strong></span> <span class='ocrx_word' id='word_1_29' title='bbox 400 1627 552 1717; x_wconf 88' lang='lat' dir='ltr'><strong>Philippo</strong></span> <span class='ocrx_word' id='word_1_30' title='bbox 578 1629 742 1715; x_wconf 76' lang='lat' dir='ltr'><strong>Episcopo</strong></span> <span class='ocrx_word' id='word_1_31' title='bbox 768 1628 923 1696; x_wconf 80' lang='lat' dir='ltr'><strong>Firmano</strong></span> <span class='ocrx_word' id='word_1_32' title='bbox 939 1628 1131 1718; x_wconf 87' lang='lat' dir='ltr'><strong>Apostolioe</strong></span> <span class='ocrx_word' id='word_1_33' title='bbox 1147 1631 1245 1698; x_wconf 88' lang='lat' dir='ltr'><strong>Sedis</strong></span> <span class='ocrx_word' id='word_1_34' title='bbox 1263 1629 1393 1715; x_wconf 83' lang='lat' dir='ltr'><strong>Legata</strong></span> <span class='ocrx_word' id='word_1_35' title='bbox 1409 1649 1455 1697; x_wconf 87' lang='lat' dir='ltr'><strong>su-</strong></span> 
     </span>
     <span class='ocr_line' id='line_1_6' title="bbox 333 1736 1455 1824; baseline 0.002 -21"><span class='ocrx_word' id='word_1_36' title='bbox 333 1737 432 1804; x_wconf 87' lang='lat' dir='ltr'><strong>lutem</strong></span> <span class='ocrx_word' id='word_1_37' title='bbox 458 1741 491 1805; x_wconf 89' lang='lat' dir='ltr'><strong>et</strong></span> <span class='ocrx_word' id='word_1_38' title='bbox 515 1737 743 1824; x_wconf 81' lang='lat' dir='ltr'><strong>Apostolioam</strong></span> <span class='ocrx_word' id='word_1_39' title='bbox 776 1736 1049 1806; x_wconf 80' lang='lat' dir='ltr'><strong>benedictionem.</strong></span> <span class='ocrx_word' id='word_1_40' title='bbox 1082 1737 1262 1807; x_wconf 81' lang='lat' dir='ltr'><strong>Oonsvcrit</strong></span> <span class='ocrx_word' id='word_1_41' title='bbox 1297 1737 1455 1805; x_wconf 86' lang='lat' dir='ltr'><strong>interdum</strong></span> 
     </span>
     <span class='ocr_line' id='line_1_7' title="bbox 334 1844 1454 1934; baseline -0.001 -22"><span class='ocrx_word' id='word_1_42' title='bbox 334 1845 527 1934; x_wconf 73' lang='lat' dir='ltr'><strong>Apostolioa</strong></span> <span class='ocrx_word' id='word_1_43' title='bbox 542 1845 650 1915; x_wconf 80' lang='lat' dir='ltr'>Sedes</span> <span class='ocrx_word' id='word_1_44' title='bbox 666 1865 823 1931; x_wconf 78' lang='lat' dir='ltr'><strong>personas</strong></span> <span class='ocrx_word' id='word_1_45' title='bbox 847 1846 975 1913; x_wconf 85' lang='lat' dir='ltr'><strong>nobiles</strong></span> <span class='ocrx_word' id='word_1_46' title='bbox 991 1845 1100 1930; x_wconf 81' lang='lat' dir='ltr'><strong>gratia</strong></span> <span class='ocrx_word' id='word_1_47' title='bbox 1116 1844 1271 1932; x_wconf 78' lang='lat' dir='ltr'><strong>prosequi</strong></span> <span class='ocrx_word' id='word_1_48' title='bbox 1287 1854 1322 1912; x_wconf 89' lang='lat' dir='ltr'><strong>et</strong></span> <span class='ocrx_word' id='word_1_49' title='bbox 1337 1845 1454 1927; x_wconf 82' lang='lat' dir='ltr'><strong>favore,</strong></span> 
     </span>
     <span class='ocr_line' id='line_1_8' title="bbox 333 1951 1456 2039; baseline -0.004 -19"><span class='ocrx_word' id='word_1_50' title='bbox 333 1961 369 2020; x_wconf 93' lang='lat' dir='ltr'><strong>nt</strong></span> <span class='ocrx_word' id='word_1_51' title='bbox 385 1954 457 2021; x_wconf 85' lang='lat' dir='ltr'><strong>Deo</strong></span> <span class='ocrx_word' id='word_1_52' title='bbox 474 1960 507 2018; x_wconf 87' lang='lat' dir='ltr'><strong>et</strong></span> <span class='ocrx_word' id='word_1_53' title='bbox 522 1953 628 2020; x_wconf 86' lang='lat' dir='ltr'><strong>eidem</strong></span> <span class='ocrx_word' id='word_1_54' title='bbox 646 1951 724 2022; x_wconf 86' lang='lat' dir='ltr'><strong>Sodi</strong></span> <span class='ocrx_word' id='word_1_55' title='bbox 749 1953 928 2022; x_wconf 88' lang='lat' dir='ltr'><strong>reddantur</strong></span> <span class='ocrx_word' id='word_1_56' title='bbox 952 1954 1071 2020; x_wconf 81' lang='lat' dir='ltr'><strong>exinde</strong></span> <span class='ocrx_word' id='word_1_57' title='bbox 1089 1953 1163 2039; x_wconf 90' lang='lat' dir='ltr'><strong>plus</strong></span> <span class='ocrx_word' id='word_1_58' title='bbox 1179 1953 1307 2022; x_wconf 81' lang='lat' dir='ltr'><strong>deuote.</strong></span> <span class='ocrx_word' id='word_1_59' title='bbox 1324 1955 1456 2039; x_wconf 80' lang='lat' dir='ltr'><strong>Propior</strong></span> 
     </span>
     <span class='ocr_line' id='line_1_9' title="bbox 334 2059 1455 2146; baseline -0.004 -15"><span class='ocrx_word' id='word_1_60' title='bbox 334 2063 397 2131; x_wconf 90' lang='lat' dir='ltr'><strong>boc</strong></span> <span class='ocrx_word' id='word_1_61' title='bbox 421 2060 581 2146; x_wconf 87' lang='lat' dir='ltr'><strong>siquidem</strong></span> <span class='ocrx_word' id='word_1_62' title='bbox 606 2060 810 2130; x_wconf 86' lang='lat' dir='ltr'><strong>concedendi</strong></span> <span class='ocrx_word' id='word_1_63' title='bbox 835 2060 999 2130; x_wconf 83' lang='lat' dir='ltr'><strong>licentiam</strong></span> <span class='ocrx_word' id='word_1_64' title='bbox 1021 2081 1139 2131; x_wconf 86' lang='lat' dir='ltr'><strong>nouem</strong></span> <span class='ocrx_word' id='word_1_65' title='bbox 1156 2062 1359 2146; x_wconf 84' lang='lat' dir='ltr'><strong>mulieribus,</strong></span> <span class='ocrx_word' id='word_1_66' title='bbox 1377 2059 1455 2146; x_wconf 87' lang='lat' dir='ltr'><strong>quod</strong></span> 
     </span>
     <span class='ocr_line' id='line_1_10' title="bbox 336 2169 1454 2256; baseline -0.004 -18"><span class='ocrx_word' id='word_1_67' title='bbox 336 2190 447 2239; x_wconf 85' lang='lat' dir='ltr'><strong>earum</strong></span> <span class='ocrx_word' id='word_1_68' title='bbox 472 2171 616 2256; x_wconf 87' lang='lat' dir='ltr'><strong>quelibet</strong></span> <span class='ocrx_word' id='word_1_69' title='bbox 641 2191 713 2238; x_wconf 92' lang='lat' dir='ltr'><strong>cum</strong></span> <span class='ocrx_word' id='word_1_70' title='bbox 750 2171 881 2239; x_wconf 87' lang='lat' dir='ltr'><strong>decenti</strong></span> <span class='ocrx_word' id='word_1_71' title='bbox 926 2171 1081 2238; x_wconf 81' lang='lat' dir='ltr'><strong>comitiva</strong></span> <span class='ocrx_word' id='word_1_72' title='bbox 1114 2171 1285 2239; x_wconf 90' lang='lat' dir='ltr'><strong>mulierum</strong></span> <span class='ocrx_word' id='word_1_73' title='bbox 1311 2171 1415 2238; x_wconf 86' lang='lat' dir='ltr'><strong>semel</strong></span> <span class='ocrx_word' id='word_1_74' title='bbox 1429 2169 1454 2234; x_wconf 93' lang='lat' dir='ltr'><strong>in</strong></span> 
     </span>
     <span class='ocr_line' id='line_1_11' title="bbox 336 2279 1453 2370; baseline -0.002 -24"><span class='ocrx_word' id='word_1_75' title='bbox 336 2298 433 2364; x_wconf 81' lang='lat' dir='ltr'><strong>enno,</strong></span> <span class='ocrx_word' id='word_1_76' title='bbox 450 2280 589 2347; x_wconf 77' lang='lat' dir='ltr'><strong>duranto</strong></span> <span class='ocrx_word' id='word_1_77' title='bbox 605 2287 663 2346; x_wconf 91' lang='lat' dir='ltr'><strong>tua</strong></span> <span class='ocrx_word' id='word_1_78' title='bbox 681 2279 858 2370; x_wconf 78' lang='lat' dir='ltr'><strong>legatione,</strong></span> <span class='ocrx_word' id='word_1_79' title='bbox 876 2281 1005 2365; x_wconf 80' lang='lat' dir='ltr'><strong>possint</strong></span> <span class='ocrx_word' id='word_1_80' title='bbox 1019 2281 1223 2349; x_wconf 81' lang='lat' dir='ltr'><strong>monasteria</strong></span> <span class='ocrx_word' id='word_1_81' title='bbox 1238 2297 1453 2363; x_wconf 87' lang='lat' dir='ltr'><strong>quorumcum-</strong></span> 
     </span>
     <span class='ocr_line' id='line_1_12' title="bbox 335 2387 1453 2474; baseline -0.002 -21"><span class='ocrx_word' id='word_1_82' title='bbox 335 2405 398 2470; x_wconf 86' lang='lat' dir='ltr'><strong>que</strong></span> <span class='ocrx_word' id='word_1_83' title='bbox 413 2387 562 2454; x_wconf 87' lang='lat' dir='ltr'><strong>ordinum</strong></span> <span class='ocrx_word' id='word_1_84' title='bbox 578 2387 724 2456; x_wconf 87' lang='lat' dir='ltr'><strong>ciusdem</strong></span> <span class='ocrx_word' id='word_1_85' title='bbox 736 2387 926 2474; x_wconf 77' lang='lat' dir='ltr'><strong>legationis,</strong></span> <span class='ocrx_word' id='word_1_86' title='bbox 944 2407 1044 2455; x_wconf 87' lang='lat' dir='ltr'><strong>eausa</strong></span> <span class='ocrx_word' id='word_1_87' title='bbox 1055 2388 1239 2456; x_wconf 86' lang='lat' dir='ltr'><strong>devotionis</strong></span> <span class='ocrx_word' id='word_1_88' title='bbox 1250 2388 1388 2474; x_wconf 88' lang='lat' dir='ltr'><strong>intrare,</strong></span> <span class='ocrx_word' id='word_1_89' title='bbox 1398 2406 1453 2452; x_wconf 95' lang='lat' dir='ltr'><strong>non</strong></span> 
     </span>
     <span class='ocr_line' id='line_1_13' title="bbox 336 2495 1452 2584; baseline -0.004 -20"><span class='ocrx_word' id='word_1_90' title='bbox 336 2495 543 2564; x_wconf 75' lang='lat' dir='ltr'><strong>obstantibus</strong></span> <span class='ocrx_word' id='word_1_91' title='bbox 560 2496 708 2564; x_wconf 89' lang='lat' dir='ltr'><strong>ordinum</strong></span> <span class='ocrx_word' id='word_1_92' title='bbox 725 2497 868 2584; x_wconf 91' lang='lat' dir='ltr'><strong>ipsorum</strong></span> <span class='ocrx_word' id='word_1_93' title='bbox 895 2496 1099 2582; x_wconf 85' lang='lat' dir='ltr'><strong>quibuslibet</strong></span> <span class='ocrx_word' id='word_1_94' title='bbox 1114 2497 1289 2564; x_wconf 81' lang='lat' dir='ltr'><strong>contrariis</strong></span> <span class='ocrx_word' id='word_1_95' title='bbox 1306 2496 1452 2563; x_wconf 87' lang='lat' dir='ltr'><strong>constitu·</strong></span> 
     </span>
     <span class='ocr_line' id='line_1_14' title="bbox 335 2603 1454 2689; baseline -0.002 -19"><span class='ocrx_word' id='word_1_96' title='bbox 335 2603 480 2672; x_wconf 84' lang='lat' dir='ltr'><strong>tionibus</strong></span> <span class='ocrx_word' id='word_1_97' title='bbox 495 2607 548 2673; x_wconf 84' lang='lat' dir='ltr'><strong>vol</strong></span> <span class='ocrx_word' id='word_1_98' title='bbox 565 2605 710 2689; x_wconf 87' lang='lat' dir='ltr'><strong>statutis,</strong></span> <span class='ocrx_word' id='word_1_99' title='bbox 737 2606 936 2673; x_wconf 69' lang='lat' dir='ltr'><strong>fraternitati</strong></span> <span class='ocrx_word' id='word_1_100' title='bbox 954 2613 1009 2672; x_wconf 89' lang='lat' dir='ltr'><strong>tue</strong></span> <span class='ocrx_word' id='word_1_101' title='bbox 1024 2605 1163 2673; x_wconf 85' lang='lat' dir='ltr'><strong>liberam</strong></span> <span class='ocrx_word' id='word_1_102' title='bbox 1181 2603 1390 2674; x_wconf 86' lang='lat' dir='ltr'><strong>concedimus</strong></span> <span class='ocrx_word' id='word_1_103' title='bbox 1405 2622 1454 2670; x_wconf 85' lang='lat' dir='ltr'><strong>uu·</strong></span> 
     </span>
     <span class='ocr_line' id='line_1_15' title="bbox 337 2712 1451 2800; baseline -0.002 -22"><span class='ocrx_word' id='word_1_104' title='bbox 337 2713 489 2780; x_wconf 86' lang='lat' dir='ltr'><strong>ctoritate</strong></span> <span class='ocrx_word' id='word_1_105' title='bbox 506 2716 707 2800; x_wconf 88' lang='lat' dir='ltr'><strong>presentium</strong></span> <span class='ocrx_word' id='word_1_106' title='bbox 723 2712 934 2797; x_wconf 64' lang='lat' dir='ltr'><strong>facultatem</strong></span> <span class='ocrx_word' id='word_1_107' title='bbox 960 2713 1008 2781; x_wconf 86' lang='lat' dir='ltr'><strong>ita</strong></span> <span class='ocrx_word' id='word_1_108' title='bbox 1033 2721 1142 2780; x_wconf 85' lang='lat' dir='ltr'><strong>tamen</strong></span> <span class='ocrx_word' id='word_1_109' title='bbox 1169 2714 1257 2796; x_wconf 89' lang='lat' dir='ltr'><strong>qnod</strong></span> <span class='ocrx_word' id='word_1_110' title='bbox 1272 2713 1389 2781; x_wconf 86' lang='lat' dir='ltr'><strong>eedem</strong></span> <span class='ocrx_word' id='word_1_111' title='bbox 1403 2731 1451 2777; x_wconf 92' lang='lat' dir='ltr'><strong>no·</strong></span> 
     </span>
     <span class='ocr_line' id='line_1_16' title="bbox 337 2821 1452 2907; baseline -0.002 -20"><span class='ocrx_word' id='word_1_112' title='bbox 337 2821 422 2888; x_wconf 87' lang='lat' dir='ltr'><strong>biles</strong></span> <span class='ocrx_word' id='word_1_113' title='bbox 437 2821 471 2889; x_wconf 94' lang='lat' dir='ltr'><strong>in</strong></span> <span class='ocrx_word' id='word_1_114' title='bbox 488 2821 610 2889; x_wconf 90' lang='lat' dir='ltr'><strong>eisdem</strong></span> <span class='ocrx_word' id='word_1_115' title='bbox 636 2822 867 2905; x_wconf 84' lang='lat' dir='ltr'><strong>monasteriis,</strong></span> <span class='ocrx_word' id='word_1_116' title='bbox 894 2839 959 2904; x_wconf 85' lang='lat' dir='ltr'><strong>que</strong></span> <span class='ocrx_word' id='word_1_117' title='bbox 976 2825 1024 2887; x_wconf 90' lang='lat' dir='ltr'><strong>sic</strong></span> <span class='ocrx_word' id='word_1_118' title='bbox 1039 2821 1244 2904; x_wconf 85' lang='lat' dir='ltr'><strong>intraverint,</strong></span> <span class='ocrx_word' id='word_1_119' title='bbox 1262 2839 1336 2888; x_wconf 93' lang='lat' dir='ltr'><strong>oum</strong></span> <span class='ocrx_word' id='word_1_120' title='bbox 1353 2837 1452 2907; x_wconf 84' lang='lat' dir='ltr'><strong>perso-</strong></span> 
     </span>
     <span class='ocr_line' id='line_1_17' title="bbox 337 2927 1452 3016; baseline -0.004 -18"><span class='ocrx_word' id='word_1_121' title='bbox 337 2929 391 2998; x_wconf 91' lang='lat' dir='ltr'><strong>nis</strong></span> <span class='ocrx_word' id='word_1_122' title='bbox 402 2931 669 2997; x_wconf 82' lang='lat' dir='ltr'><strong>monasteriorum</strong></span> <span class='ocrx_word' id='word_1_123' title='bbox 680 2929 855 2999; x_wconf 86' lang='lat' dir='ltr'><strong>eorundem</strong></span> <span class='ocrx_word' id='word_1_124' title='bbox 865 2949 929 2997; x_wconf 92' lang='lat' dir='ltr'><strong>non</strong></span> <span class='ocrx_word' id='word_1_125' title='bbox 946 2927 1121 2997; x_wconf 86' lang='lat' dir='ltr'><strong>comedant</strong></span> <span class='ocrx_word' id='word_1_126' title='bbox 1138 2929 1171 2997; x_wconf 90' lang='lat' dir='ltr'><strong>in</strong></span> <span class='ocrx_word' id='word_1_127' title='bbox 1190 2935 1362 3016; x_wconf 86' lang='lat' dir='ltr'><strong>conuentu,</strong></span> <span class='ocrx_word' id='word_1_128' title='bbox 1378 2927 1452 2996; x_wconf 84' lang='lat' dir='ltr'><strong>utin</strong></span> 
     </span>
     <span class='ocr_line' id='line_1_18' title="bbox 337 3036 1452 3127; baseline -0.003 -23"><span class='ocrx_word' id='word_1_129' title='bbox 337 3036 436 3105; x_wconf 82' lang='lat' dir='ltr'><strong>dictis</strong></span> <span class='ocrx_word' id='word_1_130' title='bbox 451 3037 662 3105; x_wconf 82' lang='lat' dir='ltr'><strong>monasteriis</strong></span> <span class='ocrx_word' id='word_1_131' title='bbox 678 3058 741 3105; x_wconf 90' lang='lat' dir='ltr'><strong>non</strong></span> <span class='ocrx_word' id='word_1_132' title='bbox 758 3046 962 3127; x_wconf 87' lang='lat' dir='ltr'><strong>pernoctent.</strong></span> <span class='ocrx_word' id='word_1_133' title='bbox 988 3039 1110 3105; x_wconf 89' lang='lat' dir='ltr'><strong>Datum</strong></span> <span class='ocrx_word' id='word_1_134' title='bbox 1126 3039 1263 3106; x_wconf 87' lang='lat' dir='ltr'><strong>Viterbii</strong></span> <span class='ocrx_word' id='word_1_135' title='bbox 1276 3039 1320 3106; x_wconf 90' lang='lat' dir='ltr'><strong>X.</strong></span> <span class='ocrx_word' id='word_1_136' title='bbox 1337 3037 1452 3106; x_wconf 84' lang='lat' dir='ltr'><strong>Kalen-</strong></span> 
     </span>
     <span class='ocr_line' id='line_1_19' title="bbox 337 3145 1163 3234; baseline 0.002 -22"><span class='ocrx_word' id='word_1_137' title='bbox 337 3145 400 3214; x_wconf 84' lang='lat' dir='ltr'><strong>des</strong></span> <span class='ocrx_word' id='word_1_138' title='bbox 416 3145 578 3228; x_wconf 87' lang='lat' dir='ltr'><strong>Octobris,</strong></span> <span class='ocrx_word' id='word_1_139' title='bbox 594 3147 807 3216; x_wconf 83' lang='lat' dir='ltr'><strong>Pontidoutns</strong></span> <span class='ocrx_word' id='word_1_140' title='bbox 824 3149 926 3215; x_wconf 87' lang='lat' dir='ltr'><strong>nostri</strong></span> <span class='ocrx_word' id='word_1_141' title='bbox 942 3167 1030 3215; x_wconf 86' lang='lat' dir='ltr'><strong>anno</strong></span> <span class='ocrx_word' id='word_1_142' title='bbox 1046 3145 1163 3234; x_wconf 86' lang='lat' dir='ltr'><strong>primo.</strong></span> 
     </span>
    </p>
   </div>
   <div class='ocr_carea' id='block_1_3' title="bbox 436 3339 1361 3417">
    <p class='ocr_par' dir='ltr' id='par_1_3' title="bbox 436 3339 1361 3417">
     <span class='ocr_line' id='line_1_20' title="bbox 436 3339 1361 3417; baseline 0.002 -21"><span class='ocrx_word' id='word_1_143' title='bbox 436 3340 497 3412; x_wconf 80' lang='grc' dir='ltr'><strong>(ΙΙΙ.</strong></span> <span class='ocrx_word' id='word_1_144' title='bbox 511 3341 619 3400; x_wconf 75' lang='lat' dir='ltr'><strong>usuros</strong></span> <span class='ocrx_word' id='word_1_145' title='bbox 629 3341 709 3417; x_wconf 77' lang='lat' dir='ltr'><strong>pdpa</strong></span> <span class='ocrx_word' id='word_1_146' title='bbox 721 3341 921 3416; x_wconf 74' lang='lat' dir='ltr'><strong>Regesttibbb</strong></span> <span class='ocrx_word' id='word_1_147' title='bbox 936 3343 1065 3402; x_wconf 83' lang='lat' dir='ltr'><strong>Tbeiner</strong></span> <span class='ocrx_word' id='word_1_148' title='bbox 1078 3342 1116 3400; x_wconf 88' lang='lat' dir='ltr'><strong>id.</strong></span> <span class='ocrx_word' id='word_1_149' title='bbox 1128 3359 1164 3401; x_wconf 86' lang='lat' dir='ltr'><strong>nn.</strong></span> <span class='ocrx_word' id='word_1_150' title='bbox 1177 3343 1198 3400; x_wconf 91' lang='lat'><strong>1.</strong></span> <span class='ocrx_word' id='word_1_151' title='bbox 1211 3342 1241 3399; x_wconf 76' lang='lat' dir='ltr'><strong>k.</strong></span> <span class='ocrx_word' id='word_1_152' title='bbox 1251 3339 1313 3403; x_wconf 77' lang='grc'><strong>381.</strong></span> <span class='ocrx_word' id='word_1_153' title='bbox 1327 3341 1361 3416; x_wconf 88' lang='lat'><strong>1.)</strong></span> 
     </span>
    </p>
   </div>
   <div class='ocr_carea' id='block_1_4' title="bbox 765 3740 1024 3750">
    <p class='ocr_par' dir='ltr' id='par_1_4' title="bbox 765 3740 1024 3750">
     <span class='ocr_line' id='line_1_21' title="bbox 765 3740 1024 3750; baseline -0.008 0"><span class='ocrx_word' id='word_1_154' title='bbox 765 3740 1024 3750; x_wconf 69' lang='lat'><strong>——------—......-</strong></span> 
     </span>
    </p>
   </div>
   <div class='ocr_carea' id='block_1_5' title="bbox 0 0 1565 5166">
    <p class='ocr_par' dir='ltr' id='par_1_5' title="bbox 0 0 1565 5166">
     <span class='ocr_line' id='line_1_22' title="bbox 0 0 1565 5166; baseline 0 0"><span class='ocrx_word' id='word_1_155' title='bbox 0 0 1565 5166; x_wconf 95' lang='lat' dir='ltr'><strong> </strong></span> 
     </span>
    </p>
   </div>
  </div>
 </body>
</html>
