3142 5164
131 1178 160 1242 Ι.
177 1178 309 1268 Rudclf
319 1181 533 1248 romei-nemer
548 1177 657 1266 kirtly
672 1201 694 1245 o
706 1183 796 1268 pcipe
811 1179 930 1246 toreca
946 1180 1062 1246 abacto
1074 1201 1206 1269 mapycr
1215 1180 1261 1246 lti-
1366 1133 1370 1142 ¹

494 1287 630 1377 rdlyrrak
646 1287 785 1376 ajdnlja.
811 1289 910 1354 1278.

243 1485 478 1554 Sanctissimae
494 1485 529 1555 in
545 1486 675 1554 Christo
692 1483 854 1554 Dominus
870 1487 911 1554 N.
929 1488 1081 1556 Summus
1096 1484 1260 1566 Pontifex,

132 1601 233 1680 pater
258 1601 410 1684 patrum,
438 1595 490 1662 cui
515 1595 662 1666 uniuersi
677 1596 882 1664 orthodoxae
899 1595 975 1663 fidei
992 1593 1199 1680 professores
1215 1600 1262 1662 to-

132 1709 257 1772 nantur
281 1702 324 1769 ad
348 1703 556 1773 reverentiae
582 1705 875 1792 promptitudinem
892 1705 1109 1792 singularem,
1125 1723 1263 1771 venera·

130 1813 234 1880 bilem
260 1817 411 1900 patrem,
436 1813 635 1901 Episcopum
661 1817 701 1880 N.
720 1813 922 1902 (Philippum
938 1810 1140 1898 Firmanum)
1158 1813 1261 1882 virum

130 1923 248 2007 utique
264 1922 297 1988 in
313 1921 540 2010 spiritualibus
557 1921 749 2010 providum,
774 1930 807 1992 et
823 1925 856 1988 in
874 1923 1112 2011 temporalibus
1129 1922 1263 1990 circum·

132 2037 296 2116 spectum,
314 2036 471 2114 tanquam
486 2029 717 2117 imaginarium
730 2051 812 2101 suae
823 2037 960 2100 sanctae
976 2031 1187 2117 praesentiae
1202 2049 1262 2118 pro

130 2139 276 2223 negotiis
291 2141 439 2207 Sanctae
456 2140 572 2207 Matris
589 2140 760 2208 Ecclesiae
786 2139 967 2208 salubriter
991 2139 1184 2225 dirigendis,
1199 2157 1263 2206 nec

130 2267 199 2314 non
215 2247 260 2314 ad
277 2247 500 2315 fulcimentum
516 2249 622 2318 vestri
638 2249 726 2334 solii,
744 2255 776 2314 et
792 2247 836 2314 ad
852 2248 1096 2335 reparationem
1113 2253 1146 2314 et
1160 2247 1262 2315 refor-

129 2357 312 2424 mationem
339 2361 449 2422 status
473 2356 582 2441 Regni
608 2355 793 2440 vagatae,
812 2363 846 2423 et
864 2357 906 2424 ad
923 2357 1046 2424 cultum
1061 2357 1185 2424 ibidem
1202 2353 1261 2422 Oa-

130 2461 279 2531 tbolicae
303 2461 383 2530 fidei
408 2463 633 2548 ampliandum
659 2463 692 2529 in
713 2469 858 2530 vestrum
873 2464 1020 2530 fauorem
1037 2482 1107 2530 cum
1122 2464 1263 2550 plenitu-

130 2571 210 2641 dine
234 2570 411 2658 potestatis
439 2569 533 2638 duxit
553 2571 746 2658 specialiter
762 2570 1060 2640 transmittendum.
1078 2571 1262 2658 Eapropter

131 2681 356 2752 serenitatem
372 2681 508 2767 Regiam
526 2700 681 2768 rogamus
698 2691 731 2748 et
748 2680 918 2748 hortamur
930 2687 1066 2767 attente,
1078 2679 1181 2746 Vobis
1192 2687 1263 2747 tan-

131 2809 232 2875 quam
248 2788 411 2875 singulari
435 2789 503 2857 filio
518 2791 617 2879 pleno
633 2789 871 2876 persuadentes
887 2789 1020 2872 affectu,
1039 2796 1202 2874 quatenus
1219 2789 1261 2855 ob

130 2899 286 2982 eJusdem
304 2900 420 2966 summi
435 2899 539 2985 patris
554 2902 789 2984 reverentiam,
800 2905 1049 2984 nostrarumque
1064 2916 1196 2984 precum
1213 2897 1263 2962 iu-

129 3007 227 3090 tuitu,
240 3004 346 3074 cidem
355 3007 483 3093 Legato
493 3008 542 3075 sic
552 3007 779 3077 favorabiliter
789 3007 966 3094 assistatis,
984 3005 1263 3093 quodsuaelega-

130 3116 233 3182 tionis
251 3113 392 3182 officium
409 3115 453 3182 ad
466 3115 600 3184 laudern
615 3115 730 3185 Divini
745 3117 897 3202 nominis,
908 3117 1079 3184 Ecclesiae
1094 3116 1263 3182 Romanae

131 3223 246 3308 decus,
262 3223 437 3310 pacificum
454 3229 487 3292 et
502 3225 713 3308 tranquillum
730 3225 836 3311 Regni
851 3225 1018 3310 Vngariae
1045 3228 1185 3306 statum,
1200 3241 1263 3289 neo

130 3353 199 3401 non
215 3335 390 3399 animarum
407 3333 549 3400 salutern
567 3336 680 3402 ualeat
696 3333 822 3402 Divina
837 3332 972 3400 favente
989 3331 1099 3417 gratia
1123 3329 1263 3399 feliciter

133 3459 308 3525 exercere;
338 3445 469 3526 propter
496 3441 558 3510 boc
574 3441 659 3510 enim
677 3443 739 3512 sub
757 3449 866 3520 vestro
883 3440 972 3508 felici
988 3437 1133 3508 dominio
1149 3435 1264 3505 Dirini

132 3549 242 3616 cultus
257 3545 447 3617 reflorescet
457 3551 649 3634 amoenitas,
661 3548 957 3639 aetemaproemia
966 3545 1144 3632 redditura,
1156 3545 1261 3613 Deus·

133 3677 197 3741 que
212 3655 364 3725 felicibus
379 3657 501 3727 restris
517 3661 728 3727 successibus
739 3657 892 3747 jocunda
905 3654 1262 3744 adjicietincrementa‚

134 3771 294 3834 stolatus
310 3765 420 3850 Regni
435 3765 537 3833 vestri
552 3784 614 3855 per
630 3766 736 3854 ipsius
748 3767 866 3854 Legati
882 3763 1100 3834 ministerium
1116 3760 1150 3829 in
1169 3761 1263 3847 pacis

136 3881 168 3944 et
181 3875 320 3942 unitatis
337 3874 515 3944 concordia
531 3875 703 3945 exultabit.

515 4070 680 4145 (Bodmann
693 4071 733 4130 id.
747 4089 783 4130 m.
796 4070 840 4129 56.
850 4071 884 4144 l.)
