3156 5158
136 1150 153 1214 1
157 1149 190 1214 V.
207 1148 325 1214 Luras
337 1148 443 1234 kirdly
458 1171 648 1237 upyuaaaoc
662 1148 781 1250 tipybcn
795 1149 874 1216 autc
890 1151 1006 1216 kdcatat
1016 1149 1146 1235 liudolf
1150 1151 1253 1216 rdmar'

548 1257 721 1346 kirdlyltoa.
740 1259 837 1323 1274.

237 1455 363 1524 Noscat
377 1457 574 1525 universitas
592 1463 723 1542 vestra,
748 1457 837 1540 quod
854 1477 915 1525 nos
932 1465 954 1522 t.
971 1457 1141 1541 providum
1158 1460 1190 1520 et
1205 1453 1253 1522 di·

133 1571 269 1632 saretum
293 1567 398 1632 virum
415 1615 422 1630 .
441 1616 447 1630 .
464 1615 472 1632 .
490 1565 661 1635 Lectorem
677 1585 733 1632 sau
745 1566 977 1634 scholasticum
993 1563 1251 1650 Quinqueeccle·

132 1675 248 1742 niensis
265 1673 436 1744 Ecclesiae
453 1675 678 1760 Kathedraiis,
694 1674 735 1742 de
757 1675 897 1744 omnium
913 1675 1251 1763 Archiepiscupcrum.
1363 1711 1367 1720 «

133 1781 373 1870 Episcuporum,
390 1785 565 1852 Procerum
582 1791 616 1852 et
631 1783 797 1851 Beronum
813 1783 918 1869 Regni
934 1782 1103 1868 Ungariae
1114 1784 1253 1853 consilio

132 1900 163 1957 et
176 1899 330 1974 tractatu,
347 1893 573 1961 intercedente
589 1895 689 1960 etiam
706 1911 867 1960 consensu
884 1894 1039 1961 Andreae
1055 1893 1155 1960 Ducis
1181 1893 1251 1960 Sia-

130 2002 250 2070 rcniae
265 2009 299 2068 et
315 2002 503 2080 chroatiae,
520 2003 634 2071 fratris
650 2003 753 2070 nostri
778 2003 961 2087 rarissimi,
988 2021 1029 2068 ex
1044 2000 1182 2069 affidata
1197 2021 1251 2068 nc·

128 2114 217 2177 strae
232 2109 400 2177 fraternae
415 2111 546 2179 caritati
561 2113 683 2195 tutela,
700 2112 834 2194 damus,
852 2110 1012 2194 facimus,
1029 2111 1251 2178 constituimus

127 2223 160 2284 et
173 2217 364 2286 ordinamus
382 2227 810 2306 nostrumprocuratorem,
838 2220 1007 2307 syndicum
1034 2220 1087 2287 vel
1104 2225 1251 2288 actorem

127 2345 231 2410 penes
257 2326 422 2394 dominum
447 2327 625 2396 Rudclium
654 2327 872 2396 Romanorum
899 2329 1025 2413 Regem
1041 2347 1173 2415 semper
1188 2334 1254 2396 Au·

124 2443 254 2518 gustum
271 2443 305 2502 et
321 2436 478 2524 ineiytam
494 2437 604 2506 auiam
631 2439 711 2524 ejus,
729 2457 827 2524 super
853 2437 992 2504 intendis
1018 2438 1140 2520 arrhis,
1157 2457 1252 2523 spon-

125 2543 217 2610 saliis
234 2564 296 2612 seu
312 2547 518 2614 matrimonio
529 2544 750 2614 contrahendo
767 2547 896 2613 nomine
914 2543 1063 2628 ejusdem
1073 2546 1173 2612 Ducis
1184 2547 1253 2614 An-

123 2653 239 2736 dreae,
256 2653 369 2720 fratris
385 2656 489 2723 nostri
505 2655 687 2741 carissimi,
704 2655 789 2722 inter
815 2655 922 2739 ipsum
940 2655 1064 2720 Ducem
1089 2653 1252 2721 Andream

121 2779 159 2826 ac
184 2760 290 2827 titiam
316 2761 437 2830 domini
465 2765 502 2830 R.
527 2764 735 2830 Serenissimi
759 2762 858 2848 Regis
874 2763 1100 2846 Rornanorum,
1119 2781 1176 2827 seu
1193 2760 1252 2830 iiiii

120 2869 171 2937 sui
187 2873 248 2937 vel
264 2868 352 2939 filiae
370 2879 429 2939 aut
453 2873 575 2940 sororis
592 2871 712 2956 filiam,
730 2870 879 2955 quamvis
895 2872 977 2936 iuter
994 2868 1170 2954 absentes,
1187 2873 1251 2956 spi-

116 2980 201 3046 ritus
220 2986 335 3046 tamen
357 2985 474 3048 unione
499 2988 712 3069 praesentes,
738 2977 1004 3067 proponendum,
1031 2981 1250 3062 tractandum,

117 3088 364 3156 matrimonium
381 3087 636 3156 contrahendum
662 3107 721 3171 per
738 3088 840 3154 verba
851 3087 899 3154 'de
915 3085 1082 3174 praesenti
1098 3095 1157 3154 aut
1173 3109 1250 3172 quc-

114 3197 200 3264 ir'iret
218 3199 436 3264 amminiculo
452 3198 538 3284 juris
554 3197 619 3264 stb.

521 3393 661 3468 (Palacky
675 3412 703 3452 u.
714 3411 739 3450 0.
752 3395 815 3449 319.
828 3393 859 3459 l.)
