3116 5166
680 314 755 427 19⁵,
778 419 785 428 .

141 521 277 604 rugatus
302 517 346 584 ab
372 518 465 604 ipso,
491 513 718 604 responderit,
745 515 834 598 quod
849 515 939 582 dicta
954 533 1017 582 sua
1033 513 1150 584 electio
1171 517 1266 598 qnasi

140 645 201 712 per
224 625 472 710 inspirationem
497 624 653 693 Divinam
677 623 790 692 inerat
813 622 991 707 celebrata,
1016 628 1049 692 et
1064 623 1099 690 in
1115 624 1267 710 predicta

140 734 307 820 scriptura
323 753 427 820 nuper
443 753 503 818 pro
517 741 616 822 parte
640 751 702 799 sua
717 731 866 800 exhibita
882 731 1100 816 contineatur,
1116 733 1204 818 quod
1221 733 1267 802 ad

65 867 71 876 ·
139 841 282 910 eandem
299 841 494 910 electionem
509 841 571 908 fuit
586 861 646 929 per
662 841 799 910 formam
816 839 1043 927 compromissi
1065 859 1266 930 processum,

139 957 310 1034 tamquam
336 949 489 1035 allegans
514 949 678 1016 contraria
703 969 768 1016 non
795 957 869 1017 erat
894 947 1001 1017 dictus
1024 947 1216 1034 Propositus
1231 949 1265 1016 in

138 1058 302 1144 premissa
316 1057 477 1146 petitione
492 1056 744 1126 confirmationis
769 1057 941 1124 electionis
972 1075 1032 1125 sue
1056 1057 1266 1140 aliquatenus

139 1167 338 1236 audiendus.
354 1165 435 1232 (lum
451 1171 563 1233 autem
578 1163 667 1232 idern
683 1166 879 1248 Propositus,
891 1164 975 1232 sicut
991 1167 1201 1251 promittitur,
1217 1165 1265 1233 ci-

140 1281 235 1342 tatus
259 1275 479 1362 peremptorie
504 1275 701 1342 auctoritate
726 1275 910 1342 litterarum
927 1273 1075 1341 eiusdem
1090 1273 1264 1358 predeces·

139 1382 226 1450 soris
251 1383 272 1448 J
275 1381 411 1450 ohannis
428 1382 514 1449 inter
531 1387 641 1450 cetera
657 1381 915 1468 continentium,
942 1387 978 1448 ut
993 1401 1030 1448 se
1046 1382 1266 1467 personaliter

137 1491 336 1576 apostolice
361 1491 460 1560 Sedis
486 1491 676 1578 conspectui
694 1503 781 1558 certo
797 1491 934 1559 termino
949 1497 1170 1576 presentaret,
1187 1508 1264 1558 era·

138 1597 355 1666 minationem
383 1597 529 1666 debitam
556 1599 740 1666 subiturus:
767 1597 911 1682 alioquin
936 1599 1024 1666 idem
1049 1599 1265 1684 predecessor

136 1705 310 1774 lohannes
327 1710 369 1774 ad
386 1706 615 1776 diffinitionem
640 1707 824 1776 huiusmodi
839 1707 963 1791 negotii
978 1709 1182 1794 procederet,
1193 1708 1265 1776 eius

137 1815 292 1884 absentia
307 1836 375 1884 uon
390 1817 562 1884 obstante:
579 1817 672 1901 apud
688 1817 826 1884 eandem
843 1817 975 1902 ecdem,
992 1835 1056 1886 nec
1080 1817 1115 1883 in
1141 1815 1264 1902 prefixo

137 1921 206 1992 sibi
230 1923 273 1991 ad
299 1924 363 1991 hoc
380 1924 525 2008 termino,
543 1944 604 1990 nec
620 1922 827 2010 postmodum
843 1924 1062 2011 personaliter
1078 1943 1265 2010 comparere

27 2057 34 2068 ·
139 2041 299 2100 curasset.
325 2034 459 2117 Nosque
475 2035 679 2118 dispendiis,
697 2054 761 2118 que
776 2034 839 2118 ipsi
856 2035 1005 2103 Ecclesia
1021 2053 1063 2100 ex
1090 2033 1265 2102 vacatione

137 2143 329 2229 imminent,
347 2161 519 2210 occurrere
545 2141 774 2226 intendentes,
791 2161 1046 2230 proponeremus
1062 2142 1150 2210 idom
1166 2163 1265 2228 nego·

135 2255 219 2318 tium
234 2249 298 2318 fine
316 2251 418 2318 celeri
434 2259 467 2319 et
482 2253 595 2321 debito
620 2253 817 2334 terminare,
834 2252 914 2318 dicti
930 2257 1162 2336 procuratores
1180 2253 1267 2320 eius·

139 2361 216 2427 dem
232 2360 397 2447 Prepositi
414 2381 435 2426 a
450 2362 546 2428 nobis
563 2362 725 2428 instanter
741 2367 774 2428 ct
791 2361 984 2448 suppliciter
999 2362 1214 2448 postularunt,
1230 2367 1266 2454 ut

135 2469 204 2553 ipsi
218 2468 391 2552 Preposito
410 2469 583 2536 terminum
601 2471 854 2556 peremptorium
870 2469 1050 2537 concedere
1066 2486 1265 2555 curaremus,

135 2577 227 2644 inira
243 2597 336 2660 quem
352 2596 425 2644 cum
443 2577 591 2646 omnibus
608 2576 703 2662 actis,
720 2579 858 2665 iuribus,
875 2576 1081 2646 munimentis
1097 2583 1132 2644 et
1146 2577 1265 2664 probe·

137 2687 287 2754 tionibus
303 2686 382 2772 suis,
400 2691 433 2752 et
448 2687 639 2770 specialiter
654 2705 726 2753 cum
743 2687 875 2754 decreto
892 2687 996 2773 ipsius
1013 2686 1192 2769 electionis,
1203 2706 1266 2753 uec

135 2815 205 2862 non
221 2801 255 2861 et
271 2795 435 2879 aliquibus
462 2794 639 2862 Canonicis
667 2795 948 2880 Strigouiensibus
965 2815 1006 2864 ac
1022 2795 1099 2864 aliis
1116 2794 1266 2882 personis

134 2902 291 2990 ydoneis,
307 2921 369 2988 pcr
384 2922 468 2987 quas
484 2909 598 2987 posset
614 2901 703 2989 apud
719 2904 831 2971 sedern
847 2903 958 2984 ipsam·
969 2923 1066 2992 snper
1082 2911 1150 2970 toto
1166 2923 1265 2988 nego·

134 3012 184 3078 tio
199 3012 300 3096 plena
314 3009 438 3078 veritas
454 3009 613 3096 inueniri,
630 3013 820 3098 Apostolicc
845 3013 1035 3096 conspectui
1060 3031 1098 3078 se
1114 3031 1265 3097 persona-

134 3122 212 3188 liter
229 3127 456 3206 prescutarct:
472 3121 523 3188 ita
539 3119 671 3206 quodsi
687 3119 792 3188 dietus
809 3120 1000 3207 Prepesitus
1017 3121 1050 3186 in
1067 3119 1183 3188 eodem
1199 3125 1263 3186 ter-

15 3221 30 3240 '
133 3230 225 3298 mino
236 3277 247 3312 ,
270 3228 358 3296 sicut
384 3228 507 3295 dietum
533 3234 583 3295 est
593 3279 602 3313 ,
619 3249 684 3296 nou
700 3235 906 3315 compareret
923 3229 1141 3312 personaliter
1159 3245 1265 3294 coram

132 3337 247 3422 nobis,
257 3337 355 3404 iidem
371 3342 601 3423 procuratores
617 3340 649 3403 in
667 3338 740 3424 ipso
756 3337 903 3405 eiusdem
924 3334 1094 3422 petitionis
1111 3342 1266 3404 contextu

133 3455 168 3514 ct
183 3445 345 3516 instantia
370 3465 432 3514 suo
448 3445 580 3512 nomine
603 3447 857 3530 concludentes,
873 3445 1152 3513 renunciaverunt
1165 3447 1266 3513 omni-

133 3557 196 3624 bus
223 3555 475 3641 probationibus
503 3561 536 3622 et
555 3555 757 3638 rationibus,
785 3555 911 3622 iuribus
937 3561 971 3621 et
994 3553 1265 3639 allegationibus,

135 3666 258 3750 quibus
276 3673 345 3730 tam
360 3685 422 3751 pro
440 3661 655 3733 excusatione
677 3664 823 3733 absentie
839 3661 943 3749 ipsius
960 3660 1124 3750 Prepositi
1133 3711 1142 3746 ,
1169 3680 1267 3747 quam

134 3794 195 3860 pro
211 3773 303 3856 iure,
332 3773 422 3856 quod
441 3793 481 3841 ex
499 3773 619 3841 eadem
648 3773 812 3844 electione
837 3773 900 3840 sibi
916 3772 1037 3840 asserit
1060 3771 1266 3856 acquisitum,

133 3883 223 3951 idem
235 3883 455 3968 Propositus,
479 3883 531 3950 vel
559 3882 624 3965 ipsi
639 3889 870 3968 procuratores
887 3882 938 3951 sui
954 3899 1013 3950 seu
1030 3881 1117 3949 alius
1134 3899 1193 3949 suc
1209 3901 1266 3951 no·

132 3993 226 4059 mine
241 3993 288 4058 uti
305 3996 460 4077 possent;
476 3997 627 4077 petentes
644 3991 886 4071 nichilominus,
903 3998 939 4057 ut
955 3996 1073 4056 extunc
1089 3991 1135 4058 ad
1150 3987 1267 4056 linini-

131 4099 239 4166 tiuann
265 4097 464 4166 sententiam
489 4097 521 4162 in
549 4095 637 4164 dicto
663 4097 799 4181 negotio
814 4099 906 4164 nulla
922 4098 991 4164 alia
1006 4099 1097 4166 iacta
1111 4097 1267 4168 citatione

127 4207 409 4299 procederemus,
449 4205 594 4292 seperari
627 4203 793 4291 Prepositi
824 4206 978 4273 absentia
1007 4225 1071 4273 nou
1103 4206 1268 4275 obstante.

126 4320 342 4400 Quamquam
358 4320 471 4382 auum
487 4320 603 4383 contra
630 4313 790 4401 premisse
816 4315 1008 4382 intentionis
1024 4321 1136 4382 nostre
1150 4333 1268 4399 propo·

123 4427 232 4496 sitnm
259 4432 348 4492 essct
373 4421 559 4492 huiusmodi
576 4423 704 4509 negotii
719 4441 921 4508 quecumque
938 4423 1065 4506 dilatio,
1094 4423 1267 4506 presertim

121 4555 208 4604 eum
234 4534 323 4601 sicut
347 4539 412 4599 iam
439 4533 682 4620 intelleximus,
705 4537 774 4600 tam
797 4533 971 4601 occasione
987 4527 1172 4600 uacationis
1188 4529 1269 4594 eins·

122 4643 208 4711 dem
237 4640 476 4726 strigoniensis
492 4641 660 4720 llcclesie,
684 4659 782 4726 quam
807 4660 850 4709 ex
866 4641 940 4710 aliis
957 4639 1067 4708 causis
1083 4635 1187 4703 uariis
1202 4652 1268 4702 non
