3116 5166
893 929 949 996 Ι38.

357 1125 416 1213 21)
442 1126 471 1191 A
492 1129 584 1214 popo
610 1125 745 1212 Fulcitur
769 1125 1043 1212 mcybutolmuzzu,
1060 1123 1140 1214 boyy
1155 1127 1359 1215 tdrspapjac't,
1376 1125 1468 1192 buoc-

411 1235 501 1301 tcldn
515 1235 660 1300 simonide
676 1234 863 1300 bdoetndaclc
880 1232 918 1314 el,
935 1256 956 1298 a
971 1234 1109 1300 bllatetds
1125 1235 1193 1300 aldi
1202 1233 1425 1320 felmcntbcsro.

476 1431 634 1500 Nicolaus
661 1431 847 1518 Episcopus
881 1451 997 1499 seruus
1023 1449 1191 1500 seruorum
1218 1431 1282 1499 Dei
1304 1429 1472 1499 vonerabili

358 1540 454 1606 fratri
469 1540 623 1626 Philippo
648 1540 813 1625 Episcopo
836 1541 993 1607 Firmano
1019 1541 1211 1625 Apostolioe
1238 1540 1334 1608 Sedis
1360 1540 1472 1622 Legato

360 1649 503 1714 salutem
520 1657 553 1714 et
569 1649 794 1732 Apostolioam
812 1649 1084 1716 benedictionem.
1104 1649 1186 1714 Cum
1212 1653 1245 1714 tc
1270 1647 1314 1714 ad
1330 1644 1471 1730 Ungarie,

360 1756 504 1840 Polonie,
523 1756 700 1839 Dalmatis,
719 1757 860 1839 Oroatis,
881 1759 994 1842 Rama,
1018 1757 1144 1840 Servis,
1163 1755 1373 1832 Lodomerie,
1399 1753 1474 1820 Gali·

361 1863 455 1928 ticet
471 1864 628 1931 Cumanis
647 1871 780 1950 partos,
805 1866 865 1932 tibi
887 1865 1059 1930 commisso
1080 1865 1162 1931 inibi
1187 1866 1285 1950 plone
1310 1861 1472 1946 legationis

361 1968 482 2053 officio,
500 1991 559 2056 pro
576 1970 687 2038 arduis
714 1973 858 2055 negotiis
884 1972 1104 2054 destinemus,
1130 1975 1279 2039 volentes
1297 1972 1359 2037 tibi
1375 1971 1472 2052 aliqua
1540 2053 1541 2068 χ

365 2081 555 2166 concedere,
572 2101 710 2166 perque
736 2083 838 2149 saluti
865 2085 1036 2150 consulere
1062 2084 1176 2149 valeus
1193 2079 1397 2166 animarum,
1422 2078 1473 2144 lra-

361 2189 507 2254 ternitati
533 2198 586 2255 tue
604 2192 807 2275 presentium
825 2191 1022 2258 auctoritate
1038 2191 1258 2274 concedimus,
1279 2197 1316 2254 ut
1342 2208 1413 2254 cum
1428 2185 1474 2270 qui

360 2293 506 2360 buslibet
522 2298 687 2381 religiosis
708 2300 859 2383 personis
877 2307 932 2366 tue
948 2299 1137 2382 legationis,
1161 2297 1393 2380 cuiuscumque
1418 2295 1474 2360 siut
1540 2287 1541 2344 i

361 2403 504 2482 ordinis,
533 2423 595 2486 quc
622 2406 699 2472 dato
726 2405 837 2488 aliquo
862 2427 921 2492 pro
949 2403 1176 2488 acquirendis,
1205 2405 1260 2469 sel
1276 2409 1409 2487 recepto
1424 2419 1474 2485 pm

361 2511 559 2580 exhibendis
570 2511 652 2579 locis
670 2516 702 2580 in
716 2517 923 2582 monasteriis
937 2513 1169 2583 commiserunt
1186 2513 1238 2578 vel
1256 2509 1472 2587 commiserint,

360 2619 528 2700 legatione
544 2619 618 2704 ipsa
635 2621 773 2687 durante
790 2623 1015 2708 symoniacam
1034 2621 1233 2704 pravitatem
1250 2620 1374 2704 possis,
1391 2623 1475 2701 prout

361 2725 519 2810 expedire
535 2728 666 2810 videris,
685 2729 892 2815 dispensare.
910 2731 982 2796 Non
1002 2731 1156 2796 obstante
1169 2730 1394 2794 constitutione
1405 2743 1475 2790 eon·
1540 2783 1541 2792 ,

361 2833 428 2898 cilii
444 2835 623 2918 generalis.
641 2837 761 2904 Datum
788 2839 928 2906 Viterbii
945 2837 985 2903 X.
1004 2837 1177 2904 Kalendas
1195 2835 1357 2920 Octobris,
1374 2831 1474 2900 Ponti·

360 2939 479 3007 boatus
496 2943 599 3008 nostri
616 2963 703 3010 auno
720 2945 834 3030 primo.

456 3133 516 3206 (ΙΙΙ.
530 3137 634 3193 Mikltis
645 3135 722 3209 papa
735 3137 935 3211 Regcstdibdl,
950 3138 1079 3195 Theiuer
1092 3141 1130 3195 id.
1145 3159 1180 3195 m.
1194 3139 1216 3194 Ι.
1230 3141 1258 3196 lr.
1275 3137 1336 3194 333.
1348 3135 1376 3207 Ι.)
