3116 5166
829 302 987 409 *ts*

345 519 432 584 mun,
449 505 481 566 et
497 498 640 566 Chamar
657 501 726 566 filio
744 501 865 566 sororis
876 501 1038 584 ipsorum,
1049 498 1116 566 lilio
1128 499 1276 584 ejusdem
1289 497 1456 579 Oltboman,

345 617 377 674 et
393 627 451 691 per
477 609 608 676 eosdem
635 608 811 676 heredibus
838 612 982 694 ipsorum
1009 609 1236 691 heredumque
1252 625 1456 674 suornmsnc-

344 715 531 786 cessoribus
543 717 619 800 jurc
635 722 793 804 perpetuo
811 727 843 784 ct
860 716 1070 784 irrevocabili
1087 714 1340 800 possidendam,
1358 721 1455 784 tenen·

345 822 422 890 darn
448 831 480 890 et
505 825 701 892 habendam.
728 825 866 912 Insuper
893 825 1014 912 prefati
1040 825 1232 892 Samson'et
1247 820 1455 890 Jacobuslilii

343 931 460 1016 Ghepk
475 930 608 999 firmiter
624 939 657 1000 et
682 934 871 1000 solemniter
888 939 1135 1016 assumpserunt
1151 931 1296 1014 eosdem,
1312 931 1452 998 videlicet

344 1037 503 1106 Comitem
514 1038 689 1108 Oltboman
707 1049 739 1109 et
757 1043 911 1124 Chamar,
925 1040 1025 1108 filium
1036 1041 1185 1124 ejusdem
1202 1059 1241 1106 ac
1257 1045 1404 1124 posteros
1419 1041 1456 1121 ip·

346 1165 452 1213 sorum
471 1150 502 1214 in
530 1157 690 1234 perpetua
715 1151 928 1236 possessione
953 1147 1097 1234 predicte
1129 1148 1348 1232 possessionis
1373 1146 1454 1212 Dub-

345 1256 435 1320 nicze
450 1263 569 1323 vocate
595 1263 628 1320 ct
643 1256 783 1324 utilitate
810 1255 955 1341 ejusdem
983 1275 1175 1321 conservare
1202 1256 1300 1320 acab
1318 1255 1452 1322 omnibus

345 1357 584 1445 impetitoribus
602 1371 635 1430 et
658 1359 836 1434 molestare
846 1363 1031 1432 volentibus
1047 1362 1203 1448 expedire
1219 1365 1288 1430 suis
1304 1363 1455 1428 laboribus

347 1477 380 1532 ct
396 1472 559 1554 expensis.
585 1469 620 1536 lu
639 1472 732 1556 cujus
749 1474 796 1538 rei
813 1473 1007 1539 memoriam
1024 1477 1058 1538 ct
1073 1475 1267 1558 perpetuam
1283 1471 1453 1536 firmitatem

347 1577 391 1642 ad
408 1577 603 1660 peticionem
621 1588 654 1644 ot
669 1581 867 1646 instanciam
884 1583 1031 1664 parcium
1051 1579 1273 1665 predictarum
1304 1587 1456 1662 presentes

345 1686 567 1751 concessimus
583 1689 686 1770 sigilli
700 1689 804 1754 nostri
821 1689 1000 1754 munimine·
1023 1689 1207 1766 roboratas.
1235 1689 1357 1753 Datum
1374 1685 1403 1749 in
1417 1684 1453 1748 vi-

344 1793 425 1873 gilia
442 1795 615 1860 beatorum
634 1798 723 1863 Petri
739 1803 771 1863 ct
787 1798 881 1862 Pauli
900 1795 1129 1880 Apostolorum
1146 1815 1232 1861 anno
1250 1795 1381 1861 Domini
1397 1793 1454 1859 mil·

347 1899 460 1966 lesimo
478 1899 702 1972 ducentesimo
720 1905 964 1992 septuagesimo
981 1910 1087 1970 sexto.

348 2091 472 2161 (Horvdt
494 2097 593 2157 Istvan
615 2097 736 2156 kdzirati
760 2095 1035 2171 gydjtemdnydbb'l,
1058 2099 1134 2169 mely
1148 2113 1269 2154 anema.
1284 2094 1455 2150 museumban
1532 2167 1533 2178 χ

821 2187 989 2259 tarditatis.)

775 2481 865 2489 ιιι-μ...
871 2483 920 2491 5--
928 2483 963 2490 ,,,..

892 2911 947 2976 37.

349 3133 408 3198 IV.
421 3133 534 3198 Ldszlo'
542 3129 648 3216 kirtly
663 3128 833 3193 Tubercula
844 3129 926 3191 sicud
934 3125 1040 3210 jb'ldet
1065 3125 1234 3190 rateto-took
1266 3121 1458 3189 Ersac'bctuelc
1532 3121 1533 3200 l

346 3244 377 3304 ds
393 3266 414 3306 o
445 3241 697 3326 Baldopcssaoay
715 3237 937 3322 morrpitszipotc'
961 3235 1317 3320 apricas-leolostorduok
1341 3233 1457 3296 odomd·

787 3365 913 3428 προῖκα.
934 3345 1026 3407 1277.

452 3568 517 3629 Nos
535 3563 711 3628 Ladlslaus
729 3560 791 3627 Dei
807 3560 919 3648 gracia
934 3559 1006 3627 Rex
1019 3555 1187 3642 ildegario
1205 3567 1320 3624 tenore
1336 3575 1460 3643 presen-

345 3673 428 3739 cium
446 3671 679 3758 significamus,
696 3671 813 3753 quibus
831 3668 965 3754 expedit
981 3667 1155 3750 universis,
1172 3667 1258 3749 qnod
1276 3687 1337 3732 nos
1353 3666 1394 3734 ob
1410 3663 1460 3728 dc·

344 3783 522 3862 vooioncm,
538 3799 637 3864 qnam
654 3779 811 3844 habemus
828 3797 908 3861 erga
924 3781 1059 3843 Beatam
1076 3775 1255 3858 Virginem,
1273 3773 1460 3841 adsalutem

345 3891 453 3957 anime
478 3896 589 3956 nostre
605 3887 772 3972 quandam
799 3893 920 3952 terram
938 3883 1119 3950 Turarnulr
1136 3889 1292 3954 vocatam
1307 3883 1342 3948 in
1358 3880 1461 3948 medio

345 3997 565 4085 possessionis
576 3995 706 4063 domine
723 3993 896 4062 Elisabeth
915 3995 1037 4062 sororis
1053 3974 1165 4059 nostre
1180 3991 1223 4057 de
1238 3991 1353 4058 Insula
1366 3992 1463 4057 Beate
1532 4057 1533 4066 ἶ

344 4105 488 4191 Virginis
504 4103 725 4189 adjacentem,
743 4122 841 4187 quam
857 4101 975 4168 Tonzol
992 4100 1139 4167 Cumano
1160 4101 1408 4179 contuleramus,
1424 4095 1462 4160 ab

343 4213 458 4281 codem
485 4212 614 4299 penitus
641 4210 838 4288 revocando,
857 4217 890 4277 et
916 4229 994 4277 suas
1019 4208 1134 4275 literas
1151 4207 1312 4276 irritando
1329 4213 1363 4273 et
1377 4223 1464 4271 revo-
1532 4273 1533 4290 ,

343 4321 470 4406 cando,
497 4322 603 4388 eidem
629 4319 762 4386 domine
779 4317 973 4400 Elisabeth,
990 4324 1023 4382 ct
1040 4316 1190 4382 Ecclesic
1206 4315 1309 4385 Beate
1324 4310 1464 4399 Virginis
1532 4307 1533 4372 f

342 4431 513 4514 dedimus,
540 4429 732 4497 donavimus
760 4433 793 4495 et
817 4427 1010 4494 contulimus
1036 4431 1194 4511 perpetuo
1222 4424 1462 4512 possidendam.
1532 4423 1533 4432 ’

343 4539 436 4607 Vnde
451 4542 622 4626 volumus,
639 4541 727 4623 quod
743 4540 852 4606 nullus
867 4543 936 4603 tam
962 4537 1004 4603 de
1017 4581 1019 4586 .
1030 4536 1199 4620 Hnngaris
1208 4583 1216 4616 ,
1233 4555 1331 4617 quam
1347 4533 1387 4600 de
1404 4531 1464 4597 Gu-

338 4651 444 4720 manis
461 4650 601 4720 eandem
627 4667 773 4720 sororem
799 4653 964 4732 nostram,
982 4647 1036 4714 vel
1052 4643 1213 4716 officiales
1230 4663 1317 4726 suos,
1333 4638 1464 4708 racione
