3142 5164
843 973 919 1036 tto.

318 1171 514 1258 Apozsoayi
529 1169 686 1254 iedptolco
701 1166 963 1252 biaoayatpiaveio
973 1215 980 1244 ‚
1006 1167 1086 1252 kopp
1106 1167 1220 1232 Ocalea
1237 1168 1330 1229 rearis-i
1347 1168 1448 1246 iceles,

319 1283 351 1342 ds
367 1278 474 1343 ‹isaat
482 1277 533 1361 fla
548 1277 640 1340 Pe'ter
655 1275 725 1339 Bed
741 1275 823 1338 auvil
837 1273 1035 1359 szoiyrijokat
1057 1274 1221 1337 azabadelsi
1243 1275 1448 1337 torsisset-ct.

837 1383 935 1448 1282.
1017 1429 1021 1451 .

639 1527 678 1593 Α.
786 1527 822 1592 Β.
934 1527 969 1594 (i.
1078 1529 1121 1594 D.

428 1723 602 1792 Vniuersis
618 1722 739 1790 Christi
764 1721 916 1789 fidelibus
933 1730 1104 1805 presentes
1122 1725 1250 1790 litteras
1283 1717 1456 1809 inspecta

321 1837 368 1912 ris
399 1831 587 1917 Capitulum
615 1829 828 1896 Posoniensis
855 1829 1007 1894 Ecclesia
1038 1831 1211 1897 oraciones
1245 1831 1279 1896 in
1305 1833 1450 1898 Domino

320 1942 397 2009 Jesu
413 1940 555 2006 Christo.
571 1937 625 2004 Ad
641 1937 866 2002 vniuorsorum
882 1937 1040 2024 noticiam
1056 1938 1172 2004 harum
1191 1939 1278 2004 serie
1296 1937 1448 2003 {uolumus

321 2048 487 2133 penenire,
507 2045 593 2128 qued
610 2047 726 2110 Petrus
743 2043 830 2111 filins
848 2044 1140 2113 contenderitis
1158 2047 1245 2112 Vnur
1262 2066 1373 2111 corum
1394 2066 1449 2110 no·

324 2156 376 2222 bis
392 2155 610 2240 personaliter
626 2170 824 2236 comparens
842 2149 1013 2220 confessus
1030 2160 1081 2218 est
1106 2155 1238 2220 oraculo
1255 2153 1327 2218 nine
1345 2155 1451 2238 uocis,
1557 2207 1558 2224 i

323 2259 411 2345 quod
429 2263 505 2345 quia
531 2269 626 2347 pater
643 2264 712 2326 eins
737 2258 905 2345 predictus
933 2258 1057 2326 Gentes
1082 2261 1115 2326 in
1143 2261 1230 2326 lecto
1256 2261 1451 2342 egritudinis
1557 2261 1558 2344 j

322 2367 468 2436 existens
485 2367 570 2434 diem
587 2375 768 2433 extremam
786 2368 902 2433 volens
918 2367 1072 2452 operibns
1098 2368 1320 2434 misericordie
1335 2369 1448 2434 suble·

322 2497 411 2560 vare,
428 2475 603 2559 quemdam
621 2494 751 2542 seruum
768 2495 861 2541 snum
879 2476 1067 2559 empticium
1084 2475 1154 2542 Bed
1172 2478 1301 2542 nomine
1311 2526 1321 2561 ,
1344 2475 1449 2542 filium
1557 2561 1558 2564 Ἴ

323 2585 454 2670 Zegeu,
469 2589 628 2670 perpetue
645 2586 679 2650 in
696 2583 781 2649 tilios
806 2581 945 2648 filiorum
962 2584 1141 2650 donancrit
1166 2592 1199 2650 et
1215 2585 1399 2650 restitnerit
1415 2585 1451 2649 li·

323 2693 463 2776 bertati,
488 2693 535 2760 sic
551 2701 584 2757 et
600 2690 685 2756 idem
711 2692 782 2776 ipse
799 2691 914 2756 Petrus
941 2709 999 2773 pro
1027 2688 1099 2756 Deo
1113 2698 1149 2759 ‚ct
1165 2711 1224 2774 pro
1249 2689 1394 2758 remedio
1412 2712 1450 2758 ac
1557 2719 1558 2750 3

324 2801 430 2867 salute
449 2801 556 2866 anime
572 2799 677 2884 patris
694 2797 744 2863 sni
761 2803 795 2862 et
810 2799 912 2865 eciam
931 2818 990 2882 pro
1008 2798 1151 2867 remedio
1169 2800 1280 2866 anime
1295 2817 1353 2864 sne
1374 2820 1449 2866 eun·
1557 2783 1558 2790 ἵ

325 2907 399 2977 dem
415 2909 487 2994 Bed
504 2908 607 2974 eciam
625 2927 734 2973 coram
751 2907 847 2974 nobis
864 2907 1114 2992 presencialiter
1140 2907 1351 2974 constitutum
1379 2908 1448 2974 red-

325 3015 411 3084 didit
427 3024 460 3082 et
475 3015 618 3082 restituit
643 3015 808 3098 libertati,
836 3015 946 3082 dando
972 3015 1075 3119 eidem
1093 3017 1228 3102 plenam
1253 3023 1286 3080 et
1310 3017 1450 3082 liberam

326 3123 519 3191 facultatem
534 3123 719 3206 ubieunque
746 3133 778 3188 ct
794 3125 881 3208 apud
909 3141 1121 3206 quoscunque
1148 3124 1288 3190 voluerit
1307 3143 1450 3189 eommo-
1557 3191 1558 3196 ,

326 3232 432 3316 randi,
449 3233 496 3298 ita
512 3231 600 3314 qnod
617 3232 659 3298 de
676 3236 783 3297 cetero
795 3249 854 3296 neo
873 3231 943 3313 ipse
960 3230 1089 3314 Petrus,
1107 3251 1167 3296 neo
1179 3231 1239 3313 filij
1256 3233 1307 3296 sni
1323 3231 1381 3296 uel
1397 3231 1452 3296 he·
1557 3271 1558 3276 κ

327 3341 424 3411 redes
441 3361 500 3408 sen
516 3359 744 3423 successores,
768 3357 829 3404 nee
847 3339 981 3424 cognati
996 3339 1051 3404 uel
1069 3339 1304 3423 consanguinei
1320 3357 1380 3405 sen
1398 3358 1453 3406 ex·
1557 3385 1558 3396 η

328 3449 435 3516 tranei
451 3451 555 3534 ipsum
580 3448 651 3516 Bed
678 3448 811 3514 racione
827 3447 968 3531 pristine
986 3449 1153 3514 seruitutis
1171 3449 1299 3533 possint
1323 3449 1379 3514 nel
1396 3449 1452 3516 de·
1557 3427 1558 3472 ³

255 3549 256 3552 '
327 3556 429 3624 beant
445 3557 654 3641 aliquatenus
670 3555 865 3633 molestare,
892 3554 952 3620 sed
968 3554 1055 3622 idem
1080 3555 1149 3622 Bed
1165 3575 1185 3619 a
1200 3575 1288 3622 nexu
1305 3553 1448 3640 pristine
1557 3551 1558 3588 ³

327 3665 532 3733 condicionis
557 3684 616 3731 sne
642 3663 772 3748 penitus
801 3669 918 3730 exutus
955 3663 1139 3729 cumomni
1167 3665 1362 3746 posteritate
1389 3684 1453 3731 sua

327 3779 489 3858 perpetua
515 3771 664 3858 gandeat
690 3771 841 3840 libertate
867 3769 1055 3840 testimonio
1092 3773 1258 3857 presentis
1283 3773 1455 3859 priuilegij

330 3878 553 3962 perhenniter
577 3879 720 3948 valituri.
745 3879 780 3946 ln
798 3879 892 3965 enjus
909 3879 956 3948 rei
980 3879 1202 3945 testimoninm
1219 3888 1251 3947 et
1267 3879 1456 3948 firmitatem

329 3994 501 4070 presentes
517 3994 647 4056 nostras
665 3989 888 4056 concessimus
899 3987 1028 4054 litteras
1046 3987 1265 4072 sigillinostri
1276 3988 1457 4057 mnnimine

328 4095 511 4164 roboratus.
522 4095 640 4163 Datum
658 4115 744 4164 anno
754 4094 890 4162 Domini
904 4095 965 4162 itt0.
977 4094 1058 4164 00⁰.
1070 4099 1295 4180 octuagesimo
1306 4098 1457 4166 secundo

329 4201 363 4266 in
380 4201 483 4272 tercia
499 4202 555 4272 die
578 4203 730 4290 proxima
743 4209 820 4290 post
835 4203 952 4270 festum
977 4203 1093 4272 Sancti
1108 4203 1272 4272 iohannis
1295 4205 1453 4292 Baptista.

330 4393 467 4468 (Htaya.
481 4395 507 4450 A
520 4396 585 4451 aoid
603 4399 732 4469 selymen
753 4395 980 4470 fliggtittpseset
997 4395 1146 4470 hidnyzik.
1169 4397 1197 4452 A
1216 4397 1455 4470 poasonylrdpta·
1557 4433 1558 4442 κ

365 4486 426 4542 lani
440 4483 577 4558 orszsgos
590 4485 774 4544 tsvtlttrbol.
789 4485 888 4559 Capsa
899 4485 978 4545 XIV.
994 4487 1078 4544 Fasc.
1092 4487 1135 4544 23.
1149 4485 1208 4544 Nro
1230 4489 1271 4544 18.
1292 4487 1408 4560 limas.)

772 4696 1015 4706 -—-.-..—-—--n
