3142 5164
849 971 929 1038 loe.

328 1190 399 1278 Epy
424 1188 624 1256 coelelesmek
652 1185 829 1252 tuddsitdsa
855 1207 876 1250 a
890 1183 1021 1272 Radolf
1031 1188 1266 1271 sonaci-admet,
1283 1191 1314 1254 ds
1330 1187 1457 1254 oraim

581 1293 649 1363 cred
664 1294 770 1382 lcirdly
786 1295 871 1361 ledaei
885 1295 1064 1362 octocenti
1092 1297 1204 1362 1278„

430 1511 466 1584 Si
490 1513 628 1601 scirem,
653 1512 707 1580 rel
723 1530 876 1601 possem,
903 1507 1066 1596 quomodo
1082 1515 1140 1579 aui
1155 1512 1302 1595 qualiter
1316 1531 1377 1598 pro
1393 1510 1456 1579 im-

322 1623 433 1712 pensis
458 1623 538 1690 mihi
562 1645 583 1690 a
608 1629 721 1689 restra
747 1619 945 1688 sinceritate
972 1617 1210 1707 multiplicibus
1225 1621 1454 1690 curialitatum

322 1741 356 1801 et
370 1732 529 1800 bonorum
543 1729 697 1816 insigniis
714 1727 1016 1830 condignsn,v0bis
1032 1728 1213 1815 gratiarum
1231 1729 1379 1798 actiones
1395 1749 1452 1797 ex-

321 1841 504 1925 solverem,
529 1845 587 1908 ani
613 1835 772 1922 quomodo
797 1854 857 1922 pro
872 1830 1047 1922 {susceptis
1063 1841 1130 1905 tam
1146 1836 1251 1920 gratis
1267 1836 1453 1907 beneficen-

321 1951 390 2020 tiae
413 1955 546 2018 vennae
562 1945 750 2015 dulcoribus
767 1943 812 2010 ad
827 1944 929 2012 vestri
944 1943 1080 2014 honoris
1096 1951 1311 2031 augmentum
1326 1965 1379 2013 mc
1396 1966 1452 2016 ve·

320 2058 398 2128 stris
422 2055 589 2143 obsequiis
613 2055 739 2122 utiliter
762 2053 987 2140 applicarem,
1011 2051 1056 2121 ad
1080 2051 1115 2120 id
1136 2072 1253 2123 revera
1268 2060 1400 2142 gratnm
1417 2063 1453 2125 et

322 2168 462 2237 hilarem
477 2183 623 2251 gererem
639 2162 784 2232 animum
801 2167 834 2230 et
850 2161 1023 2248 affectum,
1040 2179 1172 2250 semper
1183 2161 1271 2230 enim
1284 2181 1451 2249 apparere

322 2281 356 2344 et
380 2273 554 2343 exercitari
580 2272 773 2342 delectabor
790 2289 832 2338 ex
847 2271 972 2340 intimis
988 2272 1021 2337 in
1037 2271 1100 2358 bis,
1117 2289 1203 2356 quae
1220 2269 1255 2339 in
1273 2271 1377 2340 rostri
1393 2271 1451 2339 bo·
1561 2361 1562 2368 ἵ

322 2384 411 2454 noris
429 2389 463 2451 et
477 2381 604 2470 gloriae
621 2381 854 2450 convalescere
870 2385 1026 2469 poterunt
1040 2377 1287 2448 incrementum.
1298 2380 1399 2464 Sane,
1416 2387 1452 2448 ut

321 2499 429 2563 etaim
447 2491 573 2562 domini
589 2489 693 2560 nostri
708 2489 809 2574 Regis
825 2506 962 2576 prosper
979 2495 1011 2556 et
1026 2485 1161 2557 floridus
1178 2507 1215 2558 sc
1230 2509 1249 2556 a
1263 2494 1377 2557 restra
1393 2509 1451 2557 no-

324 2603 401 2673 titia
415 2623 482 2673 non
499 2601 651 2684 occultet,
668 2599 765 2668 robis
781 2597 861 2670 dnxi
874 2597 1105 2685 praesentibus
1121 2597 1352 2684 intimandum,
1362 2599 1449 2684 quod

321 2714 411 2783 idem
436 2709 588 2780 dominus
604 2715 717 2784 noster
733 2727 838 2794 nuper
852 2705 1042 2775 Danubium
1070 2705 1238 2776 transiens
1254 2713 1369 2775 contra
1384 2708 1448 2775 Re·

321 2841 396 2907 gem
411 2819 600 2903 Bobemiae,
618 2818 673 2904 qui
689 2836 762 2884 cum
777 2817 894 2904 paucis
909 2815 1028 2886 finales
1039 2813 1197 2886 terminos
1207 2815 1364 2884 Austriae
1375 2815 1448 2883 snb·

320 2930 522 3010 intraverat,
549 2925 724 3012 magnifice
749 2945 787 2994 se
813 2925 978 3012 accinxit,
1002 2925 1119 2995 rolens
1136 2925 1257 2994 Divino
1273 2926 1445 3014 praesidio

320 3038 429 3125 ipsum
441 3033 572 3102 omnino
589 3041 770 3120 conterere,
793 3040 850 3101 ant
864 3031 1037 3119 prosngnm
1053 3033 1087 3100 in
1103 3033 1282 3103 Bohemiae
1298 3033 1448 3120 partibus

321 3164 493 3232 occupare.
522 3141 717 3212 Praedictus
742 3141 906 3228 siquidem
931 3143 1002 3210 Rex
1027 3142 1227 3228 Bohemiae,
1252 3144 1448 3228 nescioquo

320 3255 448 3340 spiritu,
465 3255 518 3322 vel
535 3272 598 3339 quo
616 3252 733 3321 ductus
748 3251 900 3338 consilio,
916 3272 1026 3338 pauca
1043 3252 1222 3321 comitatus
1238 3252 1381 3320 militiae
1396 3273 1447 3322 co-

320 3361 435 3430 mitiva
460 3369 580 3431 terram
607 3361 710 3428 subiit
735 3361 956 3448 antedictam,
984 3381 1059 3428 nam
1076 3363 1304 3429 annumeratis
1319 3361 1448 3446 plebeis

319 3469 525 3555 bominibus,
551 3478 584 3536 et
608 3468 760 3537 bubulcis
786 3469 964 3536 inermibus
993 3469 1211 3536 innumerum
1238 3469 1448 3555 computatis,

320 3599 447 3648 summa
464 3579 517 3647 sui
534 3580 700 3647 exercitus
726 3577 782 3645 vix
799 3575 843 3644 ad
859 3597 918 3645 sex
933 3577 1027 3645 milia
1041 3597 1080 3646 se
1096 3577 1266 3664 extendit,
1283 3578 1377 3646 solus
1392 3598 1448 3644 an·

319 3695 384 3757 tem
401 3687 570 3774 Vngariae
587 3689 659 3756 Rex
675 3685 820 3774 inclytus
840 3683 903 3751 XL
928 3686 1058 3754 milibus
1074 3687 1304 3772 Vngarorum,
1320 3691 1355 3752 et
1370 3685 1449 3754 XVI

322 3798 451 3867 milibus
467 3799 693 3881 Cumanorum,
720 3795 844 3863 domini
860 3796 966 3864 nostri
982 3795 1149 3880 obsequiis
1166 3815 1203 3863 se
1219 3795 1370 3882 aptarit,
1390 3795 1447 3878 qni

322 3905 461 3973 eundem
487 3907 653 3975 dominnm
670 3913 837 3990 nostrum,
849 3923 943 3990 quem
960 3905 993 3970 in
1009 3910 1137 3990 patrem
1153 3902 1267 3990 elegit,
1284 3903 1387 3971 filiali
1400 3901 1448 3970 al·

320 4013 465 4084 sectione
481 4035 697 4104 prosequens,
714 4015 793 4082 licet
808 4013 950 4082 allectus
975 4012 1078 4083 variis
1104 4011 1398 4099 promissionibus,
1415 4021 1449 4078 et

319 4124 518 4192 sollicitatus
545 4141 643 4206 qnam
669 4121 820 4207 pluribus
844 4121 1083 4190 blandimentis
1108 4119 1238 4207 allego
1255 4117 1446 4204 Bobemiae,

319 4232 401 4318 ipsi,
420 4233 573 4300 videlicet
601 4231 732 4299 domino
749 4237 873 4316 nostro,
902 4229 1193 4298 indissociabiliter
1208 4247 1246 4295 se
1263 4228 1446 4315 conjunxit,

320 4359 431 4408 secum
448 4340 483 4407 in
499 4361 623 4424 omnes,
643 4359 725 4426 qnos
742 4339 874 4411 fortuna
890 4339 1014 4420 tribuit,
1032 4339 1202 4406 accinctus
1219 4342 1369 4406 eventus.
1380 4337 1448 4404 Sed

318 4467 414 4530 ecco,
441 4447 585 4534 praelati
610 4449 711 4531 Regis
735 4447 975 4516 meticulositas
991 4465 1054 4512 non
1070 4447 1184 4514 ralens
1200 4447 1306 4513 latere
1323 4445 1448 4513 diutius

318 4575 390 4623 cnm
417 4555 583 4622 dominum
600 4561 764 4640 nostrum,
790 4561 825 4621 et
840 4556 963 4639 Regem
979 4553 1149 4639 Vngariae
1164 4558 1277 4621 castra
1293 4554 1449 4628 movisse,
1559 4601 1560 4636 ,

316 4671 350 4729 et
373 4664 567 4749 conjunctos
594 4680 669 4728 esse
695 4662 882 4731 adinvicem
898 4665 1112 4750 percepisset,
1129 4661 1240 4730 statim
1255 4661 1301 4732 ad
1318 4659 1451 4728 dimidii
