3116 5166
612 329 736 430 ..eli
763 421 775 425 ..

131 543 232 593 sonas
256 525 409 610 insuper,
436 523 581 592 familias
598 531 630 590 et
654 525 743 593 bona
760 545 881 608 eorum,
899 545 940 591 ex
959 543 1022 608 quo
1040 545 1168 592 crucem
1186 545 1255 591 sns-

131 631 297 720 ceperint,
322 632 382 699 sub
409 633 506 699 Beati
530 634 618 700 Petri
643 641 675 700 et
700 641 813 702 nostra
829 634 1034 719 protectione
1048 633 1257 718 suscipimus,

130 748 336 826 statuentes,
362 747 398 808 ut
413 742 473 808 sub
499 743 756 810 Diocesauorum
782 761 913 810 suorum
938 743 1127 813 defensione
1153 742 1258 808 consi-

131 856 231 918 stant.
248 847 293 916 Ut
310 857 419 916 antem
434 851 531 917 iidem
560 850 778 934 crucesignati
804 873 843 920 eo
871 867 1077 938 exequantur
1101 851 1259 918 libentius

130 967 164 1024 et
179 955 362 1027 ferventius
379 969 489 1029 votum
507 981 612 1048 suum,
629 981 692 1045 qno
709 963 852 1048 pluribus
868 963 987 1031 fuerint
997 961 1162 1032 favoribus
1174 981 1257 1028 com·

132 1069 269 1154 muniti;
286 1071 487 1155 presentium
503 1075 701 1138 auctoritate
718 1072 938 1158 concedimus,
956 1079 992 1139 ut
1007 1070 1105 1140 iidem
1117 1071 1184 1138 illis
1197 1069 1258 1156 pri-

131 1175 267 1261 vilegiis
294 1197 399 1263 eaque
425 1180 629 1246 immunitate
656 1179 839 1264 gaudeant,
857 1201 919 1265 que
936 1181 969 1246 in
986 1180 1135 1266 generali
1153 1199 1261 1244 cruce·

132 1283 336 1369 signatorum
352 1287 562 1371 indulgentia
579 1289 798 1356 continentur.
823 1291 866 1356 nt
885 1289 971 1373 quod
987 1307 1046 1374 per
1062 1287 1158 1355 Sedis
1175 1290 1260 1372 Apo-

132 1391 254 1459 stolice
279 1391 428 1476 litteras,
454 1396 507 1460 vel
533 1395 715 1475 legatorum
742 1397 845 1482 ipsius
871 1405 965 1464 extra
987 1415 1065 1463 suas
1091 1397 1261 1480 Dionaeae,

133 1501 203 1566 nisi
217 1501 275 1568 ille
284 1554 294 1587 ,
320 1522 383 1586 que
399 1503 442 1569 ab
460 1503 575 1571 cadem
593 1505 679 1572 Sede
696 1505 831 1572 obtento
849 1506 968 1573 fuerint
977 1556 987 1590 ,
1003 1507 1134 1591 plenam
1151 1507 1192 1572 de
1208 1505 1261 1569 in-

134 1609 227 1677 dulto
243 1609 429 1680 huiusmodi
456 1615 651 1680 mentionem
677 1591 835 1698 fecerint,
852 1635 917 1680 non
933 1615 1070 1696 valeant
1086 1612 1263 1697 conveniri,

135 1717 313 1788 dummodo
329 1723 440 1808 parati
458 1723 606 1792 existant
621 1743 733 1791 coram
749 1726 817 1792 suis
836 1723 1010 1791 ordinariis
1027 1723 1067 1791 de
1089 1744 1125 1790 se
1151 1743 1263 1806 querc·

135 1827 281 1896 lantibus
306 1831 528 1914 respondere,
556 1851 638 1916 quos
664 1853 724 1918 per
747 1853 805 1901 vos
822 1835 864 1899 ab
882 1832 946 1898 hiis
964 1831 1193 1898 ecclesiastica
1208 1831 1263 1896 de-

136 1935 231 2003 fendi
247 1957 397 2025 censura,
416 1947 568 2007 cessante
585 1941 818 2026 appellationis
836 1941 1018 2032 obstaculo,
1036 1940 1193 2025 volumus,
1210 1938 1265 2022 qni

137 2043 274 2128 eosdem
300 2054 415 2114 contra
440 2047 600 2115 indultum
626 2035 809 2117 huiusmodi
834 2050 1026 2134 predictave
1042 2048 1218 2134 privilegia
1234 2056 1267 2113 et

138 2154 354 2237 protectionis
371 2161 482 2223 nostre
500 2165 646 2226 tenorem
662 2158 924 2246 presumpserint
940 2165 1062 2224 temere
1073 2159 1266 2223 molestare:
1321 2173 1323 2184 ·

137 2261 189 2326 ita
204 2268 339 2346 manen,
358 2263 448 2347 quod
463 2265 584 2349 aliquis
600 2272 745 2334 vestrum
763 2263 805 2334 de
827 2265 909 2352 hiis,
927 2285 990 2350 qne
1003 2264 1197 2350 judicialem
1219 2264 1267 2329 in-

138 2369 299 2453 daginem
326 2373 479 2458 exigunt,
505 2381 538 2440 et
563 2375 726 2442 indultum
752 2375 970 2460 privilegians
996 2373 1182 2441 huiusmodi
1209 2391 1267 2438 seu

139 2497 325 2564 personas,
351 2481 498 2548 familias
524 2490 557 2548 et
584 2485 672 2549 bona
697 2482 1000 2568 crucesignatorum
1025 2483 1169 2566 ipsorum
1200 2500 1267 2548 non

138 2591 348 2678 contingunt,
365 2611 400 2658 se
418 2595 451 2659 in
467 2593 530 2658 hac
545 2601 639 2680 parte
657 2595 842 2662 nullatenus
859 2593 1065 2661 intromittat.
1076 2592 1113 2658 Si
1124 2589 1177 2680 qui
1190 2611 1267 2657 vero

138 2699 224 2765 illuc
241 2699 515 2783 proficiscentium
540 2704 584 2769 ad
609 2704 810 2789 prestandas
826 2721 944 2770 usuras
960 2703 1142 2768 iuramento
1158 2705 1268 2766 teuen-

137 2815 196 2874 tur
211 2811 360 2892 astricti,
387 2813 567 2882 creditores
596 2835 708 2880 eorum
724 2833 779 2897 per
793 2831 854 2880 vos
868 2814 923 2879 vel
939 2813 1023 2878 alios
1032 2861 1042 2896 ,
1067 2809 1197 2877 sublato
1212 2829 1271 2904 ap·

139 2919 335 3004 pellationis
353 2922 542 3008 obstaculo,
560 2921 767 2989 districtione
786 2920 896 3004 simili,
911 2925 947 2986 ut
962 2919 1145 2986 iuramenta
1161 2917 1270 2983 huius-

139 3027 237 3094 modi
253 3029 384 3114 penitus
401 3033 599 3116 relaxantes,
617 3033 659 3099 ab
676 3050 852 3100 usurarum
868 3029 1004 3096 alterius
1021 3025 1191 3094 exactione
1217 3027 1270 3092 de-

140 3139 294 3204 sistant:
311 3139 341 3206 si
364 3146 476 3208 autem
502 3141 671 3226 quisquam
699 3137 900 3208 creditorum
926 3157 982 3205 eos
1007 3136 1050 3202 ad
1075 3135 1269 3203 solutionem

141 3247 295 3331 coegerit
309 3267 491 3330 usurarum,
508 3251 617 3334 ipsum
633 3249 677 3315 ad
692 3249 933 3316 restitutionem
955 3266 1067 3312 earum
1093 3244 1208 3310 eadem
1225 3243 1259 3309 di

139 3357 336 3443 strictione,
354 3359 485 3426 sublato
511 3359 746 3444 appellationis
764 3357 954 3438 obstaculo,
983 3352 1200 3441 compellatis.
1216 3351 1271 3418 Ju-

140 3467 230 3534 deos
247 3485 376 3550 quoque
392 3467 436 3533 ad
451 3467 667 3536 remittendas
685 3467 768 3556 ipsis
785 3487 902 3533 usuras
918 3485 978 3551 por
994 3463 1175 3530 secularem
1187 3479 1272 3528 com-

139 3573 229 3662 pelli
244 3573 444 3661 precipimus
460 3583 679 3664 potestatem;
696 3583 728 3645 el
744 3577 847 3642 donec
863 3595 922 3641 eas
937 3571 1130 3656 remiserint,
1147 3571 1190 3637 ab
1207 3589 1273 3634 om-

142 3683 248 3751 nibus
266 3681 387 3752 (lhristi
403 3683 554 3753 fidelibus
564 3739 573 3773 ,
591 3692 658 3754 tam
675 3685 710 3752 in
732 3683 970 3768 mercimoniis,
987 3699 1085 3766 quam
1101 3678 1195 3761 aliis,
1212 3679 1273 3745 sub

140 3791 499 3862 excommunicationis
524 3815 613 3880 pena
637 3795 783 3861 iubemus
810 3789 1066 3892 communionem
1087 3785 1154 3854 iliis
1171 3787 1274 3854 omni-

139 3903 286 3969 modam
302 3901 471 3988 denegari.
489 3903 588 3970 Porro
605 3903 648 3969 ad
665 3901 848 3971 huiusmodi
873 3901 968 3969 ardui
993 3905 1025 3967 et
1052 3896 1195 3966 salubris
1222 3917 1275 3962 ne-

139 4011 236 4100 gotii
252 4009 437 4078 efficaciam
451 4011 651 4101 pleniorem,
677 4021 712 4080 nt
736 4033 795 4081 vos
812 4029 996 4079 convocare
1012 4007 1147 4094 possitis
1163 4005 1275 4074 Oleros

140 4129 181 4188 et
198 4121 365 4206 populos,
390 4121 436 4188 ad
461 4141 696 4206 quemcumque
720 4121 891 4189 volueritis
916 4119 1023 4186 locum
1038 4115 1225 4202 ydoneum,
1242 4119 1276 4178 et

138 4227 277 4298 ibidem
293 4231 431 4298 verbum
447 4231 553 4300 crucis
569 4251 762 4320 proponere,
779 4249 819 4298 ac
833 4229 983 4295 fidelibus
1004 4244 1081 4294 vere
1097 4221 1276 4317 penitenti·

139 4341 216 4410 bus
233 4345 267 4406 et
283 4339 447 4409 confessis
461 4339 506 4407 ad
520 4341 780 4428 predicationem
795 4336 984 4407 huiusmodi
993 4331 1276 4414 convenientibus,

138 4449 332 4537 ipsamque
356 4447 567 4519 audientibus
593 4455 799 4534 reverenter,
826 4453 955 4515 centnm
976 4445 1048 4513 dies
1065 4443 1107 4511 de
1122 4439 1277 4508 iniunctis

138 4563 201 4627 eis
222 4559 414 4643 penitentiis
430 4562 580 4628 relaxare
590 4612 599 4646 ,
625 4557 773 4644 quodque
800 4557 893 4623 vobis
910 4564 942 4624 ct
957 4553 1074 4622 vestris
1090 4550 1225 4618 familiis
1242 4549 1277 4614 in

136 4667 310 4740 eeclesiis
327 4669 555 4740 ecclesiastico
571 4667 745 4736 interdicto
767 4667 944 4752 suppositis
954 4716 963 4750 ,
990 4657 1278 4754 excommunicatis
