3142 5170
660 951 736 1018 218.

131 1164 279 1230 herebat
301 1163 448 1252 birdiyrrd
472 1167 647 1253 megerdslti
672 1185 692 1234 c
716 1171 885 1255 ceszprc'mi
905 1168 1021 1257 egybdz
1036 1172 1182 1236 ezdmdra
1200 1168 1259 1234 Bc·

229 1275 306 1360 re'np
321 1275 529 1361 tulujdorrdru
545 1279 635 1343 occec
650 1279 788 1344 tter-tt
800 1279 1054 1365 pricilepircmdt.
1073 1278 1167 1342 1289.

239 1487 409 1557 Elisabeth
436 1491 500 1560 Dei
526 1493 641 1576 grecie
666 1495 793 1579 Regina
818 1494 986 1578 Hungcrie
1004 1494 1167 1564 uniuersis
1184 1511 1256 1577 pre-

130 1603 241 1664 sentes
252 1595 378 1666 litteras
387 1599 586 1684 inspecturis
598 1601 739 1670 salntem
759 1603 792 1669 in
812 1603 971 1684 largitore
987 1601 1113 1670 salutis.
1128 1602 1187 1668 lus
1202 1621 1258 1686 po·

129 1707 233 1772 stnlat
250 1715 282 1772 et
299 1713 552 1776 consentaneum
573 1708 643 1778 lore
661 1710 864 1795 dignoscitur
880 1712 1016 1796 racioni,
1034 1717 1070 1778 nt
1085 1711 1172 1794 quod
1189 1709 1257 1776 cui·

131 1834 229 1898 quem
263 1817 426 1900 exjustis
454 1817 561 1884 oensis
588 1825 620 1885 ct
646 1818 748 1888 titulis
774 1818 929 1903 legitimis
961 1816 1254 1886 intervenientibus

128 1924 317 1992 conceditur
342 1926 395 1992 rel
412 1925 596 2008 confertur,
618 1925 652 1992 id
670 1925 810 1996 solidum
825 1926 880 1994 vel
896 1927 1022 1993 firmum
1048 1926 1169 1994 debeat
1184 1943 1255 2013 per-

129 2051 281 2118 manere,
308 2033 450 2101 maxime
478 2053 551 2102 eum
568 2035 689 2119 aliquid
717 2035 820 2119 injus
838 2042 871 2102 et
886 2035 1118 2119 proprietatem
1136 2032 1251 2100 Sacro-

128 2149 242 2212 sancte
266 2142 381 2209 blatris
407 2143 574 2227 Ecclesic,
602 2165 665 2229 que
691 2149 865 2228 regenerat
897 2143 1012 2214 fideles
1045 2144 1075 2210 in
1109 2140 1253 2224 tlbristo,

128 2270 170 2316 ex
186 2250 242 2337 pia
258 2251 438 2319 devocione
454 2251 595 2318 traditur
622 2260 677 2318 aut
702 2250 853 2320 donatur.
873 2252 1013 2320 Proinde
1031 2252 1073 2318 ad
1089 2252 1255 2320 uniuerso·

127 2379 197 2428 rum
222 2359 379 2428 noticiam
405 2367 520 2426 tenore
549 2362 759 2445 presencium
777 2362 930 2430 uolumus
946 2362 1143 2448 pervenire,
1169 2363 1255 2443 quod

126 2487 199 2534 cum
239 2473 326 2534 statu
352 2473 462 2534 nostro
500 2487 580 2552 erga
604 2470 768 2538 illustrem
794 2469 999 2566 Principem,
1027 2471 1255 2540 charissimum

128 2583 313 2643 consortem
340 2583 502 2658 nostrum,
526 2577 690 2644 dominum
707 2577 900 2648 Ladislaum
920 2581 1077 2666 tercium,
1103 2580 1253 2646 Inclitum

128 2689 253 2768 Regem
266 2684 443 2768 Hungarie,
461 2702 520 2769 per
529 2685 592 2752 Dei
610 2685 866 2756 misericerdiam
885 2689 917 2752 iu
934 2687 1050 2754 melius
1066 2686 1253 2770 reformato,

127 2799 261 2879 etpost
288 2792 581 2877 congregacionem
606 2796 711 2878 Regni
737 2795 905 2880 Hungurie
931 2792 1138 2880 prebebitam
1164 2793 1253 2861 circa

125 2905 228 2986 Fuen,
245 2901 290 2968 ed
306 2901 505 2971 (tomitatum
531 2901 785 2988 Simigbiensem
809 2903 1026 2990 personaliter
1046 2902 1252 2986 aecedentes,

124 3017 228 3077 terras
254 3011 433 3096 Reginales
460 3011 626 3092 indebite,
653 3021 685 3078 et
710 3011 874 3099 superflue
900 3018 1077 3098 occupatas
1105 3011 1251 3080 reambu·

123 3120 198 3204 leri,
216 3124 249 3184 ct
258 3119 355 3204 injus
366 3117 524 3202 Reginale
540 3121 697 3204 revocari,
708 3131 740 3188 et
757 3121 866 3189 reduci
883 3122 1092 3205 fecissemus3
1109 3117 1251 3206 Wespri·

123 3229 284 3296 mienscm
309 3233 455 3296 nonnam
479 3227 663 3295 Ecclesiam
680 3231 890 3314 Reginalem,
914 3229 1006 3312 anus
1025 3229 1175 3296 Presules
1190 3246 1250 3314 pro

122 3346 271 3425 tempore
296 3337 463 3404 constituti
488 3338 633 3422 Reginae
659 3339 825 3422 Hungarie
843 3341 1006 3424 inungunt
1023 3345 1056 3404 et
1082 3343 1249 3420 coronant,

122 3457 157 3516 et
173 3469 235 3517 nos
251 3447 412 3530 Reginale
431 3445 593 3534 dyadema
611 3449 652 3515 de
669 3469 766 3517 manu
788 3451 986 3517 venerabilis
1004 3449 1109 3535 patris
1127 3445 1250 3515 domini

120 3557 221 3625 Pauli
246 3555 410 3640 qnondam
437 3556 592 3642 Episcopi
630 3559 777 3644 ejusdem
807 3560 955 3626 Ecclesie
982 3556 1248 3643 recognoscimus

120 3665 316 3751 recepisse,
334 3664 516 3730 inuenimus
542 3673 660 3732 terram
686 3665 936 3748 bochariorum,
963 3675 995 3732 et
1015 3666 1246 3753 pincernarum

119 3773 332 3860 Reginalium
347 3773 381 3839 in
399 3772 563 3840 territorio
579 3791 699 3858 magne
725 3775 803 3842 ville
819 3776 925 3844 Beren
952 3775 992 3840 de
1018 3775 1182 3843 (lumitate
1199 3773 1247 3840 Si·

119 3882 298 3968 migbiensi
309 3882 395 3946 circa
406 3881 587 3949 Sumbcren
604 3883 821 3967 constitutam,
833 3891 866 3950 et
878 3883 985 3950 eidem
997 3882 1144 3950 Ecclesia
1155 3881 1247 3948 Wes-

118 3991 294 4080 primiensi
309 4009 368 4076 per
393 4009 452 4058 nos
479 3991 642 4076 traditam,
661 3997 692 4057 et
709 3992 861 4058 collatam
881 4011 921 4059 ex
937 3999 1050 4059 tenore
1066 3990 1170 4058 nostri
1185 3990 1249 4075 pri·

116 4100 247 4188 vilegij,
266 4100 375 4184 quiete
403 4105 435 4165 et
452 4100 598 4184 legitime
624 4119 663 4169 ac
692 4102 938 4169 racionabiliter
959 4101 1001 4166 ab
1019 4097 1152 4183 antiquo
1168 4105 1246 4166 tem-

116 4229 202 4296 pore
229 4208 436 4296 possedisse,
462 4208 723 4304 reducentesquc
749 4217 781 4276 ct
807 4211 840 4276 in
866 4209 973 4276 nostri
1001 4211 1188 4277 memoriam
1206 4229 1247 4275 er

80 4305 84 4312 ’
116 4320 232 4386 animo
249 4325 460 4402 reuocantes,
477 4327 513 4386 ut
529 4339 594 4386 non
609 4317 730 4386 nostris
752 4319 945 4386 excessibus
965 4317 1243 4404 proueniantibns,

115 4427 181 4496 sed
208 4449 249 4496 ex
274 4427 488 4512 suggestione
505 4429 682 4494 emulorum
708 4432 890 4507 nostrornm
906 4427 1027 4510 iniqua,
1044 4427 1140 4496 nobis
1155 4425 1244 4513 apud

115 4537 306 4605 Ecclesiam
322 4537 425 4604 Beate
442 4534 583 4621 Virginis
613 4535 653 4602 de
669 4537 782 4606 Insula
797 4537 941 4604 Budensi
957 4555 1015 4621 per
1032 4535 1171 4604 eundem
1181 4533 1242 4602 do·

114 4646 240 4714 minum
255 4646 378 4734 Regem
396 4643 588 4715 Ladislanm
605 4645 637 4712 in
655 4645 823 4730 ergastulo
846 4645 985 4717 carceris
1004 4645 1167 4716 conclusis
1193 4645 1241 4714 iu·
