3142 5170
608 339 761 444 -.32³-

121 535 184 602 bns
201 535 552 604 domiquohannieha
563 535 707 623 Gasootj‚
719 539 851 610 domiuo
870 537 1091 607 LuoaMathei
1108 547 1141 607 et
1157 543 1243 614 aliis,

120 663 162 709 aa
177 642 306 709 domino
323 643 434 710 Dassa
449 642 571 731 Duymi
586 646 822 714 examinatore.

220 751 298 833 'Ego
316 750 423 818 Dessa
440 749 560 836 Duymi
576 754 785 821 examinator
802 756 954 824 oonseius
970 754 1167 822 examinavi.

228 859 299 942 Ego
316 855 504 924 Sanctorins
524 855 685 942 'l'ragurie
705 861 838 946 juratus
865 868 899 928 et
914 861 1123 931 oonfirmatus
1138 863 1242 929 Nota·

118 965 188 1031 rins
206 965 325 1050 seripsi
344 963 406 1032 hoe
423 967 681 1052 instrumentum,
697 969 774 1052 quia
790 969 858 1057 hijs
874 970 1023 1038 omuibus
1039 976 1175 1053 rogatos
1194 971 1242 1039 iu·

117 1072 225 1158 terfui,
246 1080 281 1141 et
295 1093 368 1143 meo
385 1075 481 1158 signo
497 1075 638 1159 signaui.

116 1304 155 1374 (Α
168 1301 249 1360 bessi
262 1321 300 1360 os.
313 1302 342 1359 k.
354 1303 444 1361 titkos
458 1303 562 1362 udvari
582 1302 768 1364 levtlttrban
787 1307 882 1365 traete
894 1306 1001 1364 hitales
1015 1307 1137 1364 misolst
1149 1305 1242 1380 utin.)

640 2218 713 2285 181.

108 2453 127 2515 1
134 2451 170 2516 V.
199 2453 317 2518 Lmzto
340 2471 471 2538 mopyor
495 2453 604 2539 kirtly
630 2451 795 2539 Gorpelyt,
823 2453 907 2518 imre
922 2463 1035 2518 mester
1043 2454 1110 2538 fidt
1125 2475 1163 2517 aa
1180 2451 1238 2518 oo

191 2557 413 2645 nemaetstpbb'l
428 2559 524 2645 epta
538 2561 626 2625 novit
633 2558 764 2645 socedat
780 2559 1027 2654 ariomctoyozza.
1046 2561 1144 2625 1287.

214 2789 392 2858 Ladiziaus
418 2789 481 2856 Dei
500 2791 615 2876 gracia
631 2791 704 2858 Rex
718 2789 889 2876 Huugarie
905 2797 967 2860 eto.
984 2791 1208 2878 significamus
1226 2817 1233 2858 :

98 2899 190 2984 quod
208 2897 388 2984 Gregorius
403 2897 492 2964 filins
507 2898 658 2982 magistri
674 2899 816 2966 Emerioi
834 2902 874 2968 de
900 2919 1025 2986 genere
1050 2899 1109 2968 Osi
1125 2899 1235 2968 fidelis

98 3009 267 3093 parvulus
283 3014 404 3089 noster,
420 3006 585 3074 accedens
602 3007 648 3074 ad
663 3013 810 3074 nostram
826 3009 1044 3094 presenoiam‚
1062 3007 1234 3092 quandam

97 3123 232 3184 terram
258 3113 356 3202 Byka
380 3123 532 3183 vocatam
560 3115 634 3183 sine
658 3116 780 3183 herede
797 3114 1030 3183 deoedenoium
1048 3136 1069 3182 a
1085 3123 1232 3199 tempore

96 3223 317 3292 Tartarorum
328 3243 470 3290 vanuum
487 3229 522 3289 et
536 3221 779 3291 habitatoribus
795 3222 999 3306 destitutam,
1017 3223 1098 3290 etin
1114 3221 1233 3288 faeiem

97 3331 254 3400 eiusdem
279 3337 366 3398 terre
391 3331 567 3398 eoelesiam
592 3331 627 3400 in
652 3331 775 3398 honore
799 3331 914 3398 Sounti
930 3329 1074 3418 Niooiay
1090 3335 1233 3398 tonstru-

95 3445 185 3508 otsm
197 3489 208 3524 ‚
235 3439 270 3504 in
297 3436 460 3506 Oomitats
484 3438 650 3506 Jourieusi
676 3441 869 3505 existentem
890 3437 1057 3505 humiliter
1072 3435 1229 3523 petivita

94 3547 194 3616 nobis
221 3546 286 3615 sibi
310 3545 384 3612 dari
419 3545 490 3616 Nos
516 3546 678 3631 siquidem
704 3547 789 3632 stb.‚
814 3547 944 3632 aliquos
960 3565 1002 3613 ex
1019 3546 1089 3615 suis
1105 3544 1233 3611 autibus

94 3691 140 3706 -
155 3694 205 3708 -
223 3689 267 3702 -
285 3654 427 3738 quedam
442 3674 502 3740 per
517 3661 690 3741 presentes
707 3655 859 3725 duximus
875 3655 1086 3724 declaranda.
1098 3651 1231 3740 Speoia-

91 3765 171 3832 liter
198 3781 276 3830 oum
302 3764 364 3832 sub
390 3769 499 3832 oastro
527 3765 664 3852 Pystieu
690 3765 870 3832 fuissemus
897 3781 970 3832 eum
985 3764 1072 3830 omni
1085 3758 1233 3828 exercitu

91 3875 206 3956 Regni
225 3873 333 3939 nostri
349 3891 450 3958 super
465 3871 613 3941 infideles
631 3879 760 3942 nostros
781 3873 867 3941 filios
883 3871 1015 3940 Henrioi
1030 3869 1125 3956 Bari,
1140 3868 1231 3938 ride-

91 3982 173 4050 iioet
200 3980 391 4050 Johannem
407 3985 440 4046 et
454 3979 625 4049 Nicoluum
649 4013 694 4030 -·
710 4015 753 4030 -
769 4015 814 4031 -
840 3980 928 4048 idem
954 3979 1132 4065 Gregorius
1158 3996 1231 4043 oum

90 4089 260 4178 proximis
275 4090 354 4171 suis,
372 4089 547 4158 Harbordo
562 4089 630 4158 fiiio
646 4089 822 4174 Herbordi‚
839 4097 873 4156 et
887 4089 972 4158 luda
986 4087 1054 4156 filio
1065 4087 1153 4156 Petri
1168 4105 1229 4171 pro

93 4201 198 4270 uobis
229 4202 265 4264 et
288 4197 404 4284 Regno
429 4203 542 4267 nostro
558 4217 618 4286 per
634 4198 768 4266 eosdem
783 4197 936 4264 infideles
952 4201 1082 4263 nostros
1099 4195 1229 4262 exstite-

91 4317 170 4377 runt
187 4307 378 4394 captivati,
394 4307 532 4376 stiriam
548 4307 727 4394 Gregorius
752 4309 794 4375 de
810 4305 925 4375 eadem
942 4303 1138 4391 captivitate
1157 4321 1229 4370 oum

89 4417 252 4488 donantis
271 4419 390 4487 marnis
406 4435 442 4486 se
458 4417 615 4504 redemit3
642 4417 791 4503 exeeptis
817 4413 1065 4501 possessionum
1093 4429 1227 4478 suarum

89 4527 217 4616 spolijs
237 4530 272 4591 et
287 4523 578 4612 dissipationibus.
589 4525 646 4596 Sio
656 4525 756 4611 igitur
772 4551 1045 4572 -----
1060 4517 1094 4583 in
1104 4535 1227 4584 reeom-

88 4635 335 4724 pensaeiouem
345 4634 449 4720 ipsius
459 4633 592 4724 serrioij
605 4641 639 4704 et
650 4633 841 4701 damnorum
852 4647 984 4698 suorum
999 4632 1120 4693 terram
1130 4621 1237 4708 Byka·
