3156 5158
840 268 1000 374 A

359 486 553 536 concussam
570 465 761 535 lidelitetem
779 488 871 536 snam
898 473 931 534 et
945 474 1075 552 gratum
1092 471 1303 556 obsequium,
1320 471 1407 556 quod
1423 493 1477 539 no·

359 579 411 644 bis
426 576 615 661 specialiter
631 585 741 646 ectum
752 577 906 659 exhibuit,
918 579 1051 662 qnando
1068 598 1127 646 nos
1145 587 1179 646 et
1200 580 1334 647 domina
1344 583 1478 665 Regina,

359 691 464 752 mater
487 692 600 753 nostra
624 686 829 770 charissima,
848 705 908 774 per
933 687 1110 754 Henricnm
1125 688 1252 754 Banum
1269 695 1303 756 et
1318 689 1402 756 alios
1420 687 1479 756 sibi

358 793 565 879 adherentes,
592 795 717 863 Oorone
740 795 843 881 Regia
867 796 979 878 utique
996 795 1155 878 infideles,
1174 797 1300 864 detenti
1315 799 1432 867 luimus
1450 815 1479 862 a·

358 899 424 987 pud
439 900 579 986 Bndam,
594 919 634 967 ac
651 902 779 969 demum
805 904 837 968 in
863 901 1012 969 conflictu
1028 903 1141 972 habito
1157 905 1245 970 circa
1260 904 1374 972 villam
1390 905 1479 974 Fuen

358 1017 471 1078 contra
486 1013 620 1079 cosdem
637 1013 808 1097 infideles,
836 1015 868 1078 in
885 1034 948 1098 quo
965 1015 1097 1096 quidem
1113 1015 1217 1100 prelio
1234 1016 1307 1100 ipse
1321 1015 1480 1096 magister

358 1119 474 1184 Petrus
500 1121 532 1185 in
559 1121 645 1187 t'acie
670 1141 731 1187 sua
757 1123 932 1188 maximam
959 1123 1092 1208 plagam
1118 1123 1292 1207 sustinuit,
1318 1121 1374 1188 nbi
1394 1121 1478 1189 idem

358 1226 520 1296 Henricns
535 1233 644 1297 Banns
661 1251 719 1317 per
736 1251 814 1318 sepe
831 1231 952 1297 dictnm
971 1232 1163 1314 magistrum
1178 1233 1309 1299 Petrum
1324 1232 1358 1296 in
1376 1231 1478 1314 prelio

357 1337 463 1403 victus
478 1337 578 1405 vitam
594 1337 697 1405 linivit
724 1341 939 1424 ignominiose
957 1342 989 1405 in
1006 1339 1197 1408 infidelitate
1214 1341 1401 1426 manifesta,
1418 1342 1477 1406 ool-

357 1445 519 1512 lacicnem
546 1449 684 1514 eandem
711 1469 751 1516 ex
778 1455 869 1514 certa
894 1450 1040 1516 sciencia
1067 1457 1100 1514 et
1116 1451 1280 1516 Beronum
1298 1457 1478 1516 nostrorum

358 1547 521 1622 consensu
537 1556 730 1623 ratificando
752 1559 962 1642 presentibus
979 1557 1208 1625 confirmamus
1232 1557 1386 1624 firmitate
1412 1577 1478 1642 per-

358 1669 457 1748 petuo
468 1665 667 1752 duraturam,
677 1667 722 1731 ita
733 1668 817 1750 qnod
831 1687 966 1752 presens
977 1669 1080 1755 ipsius
1094 1668 1300 1754 priuilegium
1311 1667 1479 1732 innonacio

359 1773 551 1842 collacionis
567 1775 695 1862 prioris,
712 1777 952 1844 irretractabile
968 1779 1011 1843 sit
1029 1778 1179 1860 omnino,
1205 1778 1346 1860 posteris
1363 1777 1479 1842 nostris

358 1885 419 1950 sub
435 1885 708 1954 interminacione
726 1895 862 1972 paterne
878 1888 1126 1955 maledictionis
1143 1886 1336 1962 inhibentes,
1350 1903 1391 1950 ne
1407 1903 1478 1951 oon-

358 2000 411 2059 tra
443 1993 654 2062 collacionem
687 1996 870 2063 huiusmodi
906 1996 1031 2081 aliquid
1066 2005 1257 2081 presumant
1306 2001 1478 2070 attentare,

357 2103 631 2188 priuilegiumqne
663 2105 724 2170 sub
755 2113 867 2172 nostra
892 2105 982 2171 bulla
1008 2124 1105 2172 cerea
1121 2124 1218 2190 snper
1234 2103 1307 2188 ipsa
1324 2101 1478 2187 posscssi-

358 2229 421 2277 one
446 2211 597 2297 Soynohe
621 2212 763 2279 Johanni
788 2213 855 2280 filio
873 2213 1019 2298 ejusdem
1036 2212 1175 2290 Herrici‚
1194 2221 1271 2277 tnnc
1288 2210 1408 2278 Comiti
1424 2209 1478 2276 Sn-

357 2319 524 2407 prnniensi
550 2322 707 2388 traditum
734 2343 772 2389 eo
799 2332 944 2409 tempore
956 2372 965 2406 ,
982 2341 1046 2404 qno
1072 2321 1177 2388 (lictus
1195 2320 1351 2404 magister
1368 2320 1479 2384 Petrus

358 2449 417 2514 per
433 2447 510 2495 snos
527 2429 652 2496 emulos
670 2432 703 2494 in
720 2431 951 2514 persecutione
969 2430 1093 2516 positus
1110 2429 1179 2513 suit,
1200 2435 1233 2494 et
1249 2429 1290 2494 de
1306 2427 1403 2493 domo
1420 2427 1478 2491 Re·

357 2539 414 2626 gia
430 2537 603 2626 effugatus,
620 2541 817 2609 auctoritate
833 2544 1035 2626 presencium
1049 2548 1216 2624 tamquam
1243 2558 1386 2620 vanum,
1411 2553 1478 2600 cas·

358 2667 429 2714 sum
463 2657 496 2714 et
511 2649 633 2715 irritnrn
658 2669 869 2733 revocamus3
888 2651 935 2716 ita
961 2657 995 2714 nt
1011 2649 1196 2732 ubicunque
1212 2655 1278 2714 tarn
1295 2645 1329 2712 in
1346 2645 1478 2731 judicio,

358 2775 455 2838 qnam
472 2765 567 2824 extra
582 2759 681 2825 fuerit
697 2769 923 2844 presentatum
938 2810 945 2842 ,
964 2757 1087 2826 viribus
1105 2765 1227 2842 careat,
1246 2763 1279 2822 et
1294 2755 1415 2821 nulllus
1431 2751 1477 2817 fir-

357 2865 480 2932 mitatis
491 2875 664 2951 reputetur,
676 2869 959 2936 sioutrevocatom
976 2877 1008 2934 et
1024 2869 1141 2936 robore
1159 2865 1357 2932 destitutum.
1368 2863 1408 2928 In
1425 2881 1475 2926 cu·

358 2973 408 3038 ins
423 2975 471 3038 rei
497 2978 686 3042 memoriam
711 2976 960 3060 firmitatemque
985 2981 1179 3061 perpetuam
1207 2981 1380 3060 presentes
1407 2989 1477 3036 oon·

357 3082 516 3150 cessimus
525 3083 639 3150 literas
651 3085 792 3168 duplicis
802 3086 902 3166 sigilli
913 3085 1012 3151 nostri
1023 3085 1197 3150 munimine
1214 3082 1398 3150 roboratas.
1415 3078 1476 3144 Da·

358 3199 425 3258 tum
444 3211 503 3276 per
518 3213 635 3258 manns
651 3194 800 3278 magistri
816 3194 998 3278 Benedicti,
1014 3193 1135 3260 Sancte
1161 3190 1399 3277 strigoniensis
1423 3189 1478 3254 Ec-

357 3301 458 3368 clesie
474 3301 588 3382 illecti,
606 3301 815 3385 eiusdemque
831 3305 893 3370 loci
922 3302 1057 3370 Comitis
1082 3300 1242 3387 perpetui,
1267 3300 1344 3366 aule
1370 3305 1477 3366 nostre

356 3409 668 3489 vicecancellarii,
686 3421 718 3476 et
744 3412 908 3497 Prepositi
925 3411 1098 3493 Budensis,
1115 3409 1230 3477 dilecti
1240 3416 1281 3474 et
1297 3407 1407 3474 fidelis
1423 3427 1477 3472 no·

358 3521 425 3586 stri.
442 3521 539 3586 Anno
556 3517 688 3588 Domini
704 3521 878 3588 millesimo
889 3521 1112 3588 ducentesimo
1124 3521 1369 3604 septuagesimo
1385 3535 1477 3601 quar·

357 3635 400 3709 to,
417 3628 564 3696 secundo
580 3627 746 3696 kalendas
762 3629 923 3715 Janrrarij,
949 3630 1054 3715 Regni
1068 3635 1178 3695 autem
1194 3631 1299 3697 nostri
1314 3647 1402 3694 anno
1418 3637 1475 3690 ter·

358 3737 420 3804 cio.
436 3735 690 3805 venerabilibus
707 3737 855 3824 patribus
872 3738 1043 3826 Stephano
1070 3739 1253 3820 colocensi,
1271 3745 1304 3802 et
1327 3734 1476 3802 Johannc

357 3845 547 3931 Spalatensi
575 3847 847 3934 Archiepiscopis
857 3897 865 3930 ,
884 3849 1059 3934 Lamperto
1076 3847 1239 3932 Agriensi,
1255 3845 1384 3912 Briccio
1400 3843 1477 3909 Cha·

357 3952 528 4035 radiensi,
553 3955 617 4024 Job
642 3955 1007 4040 Quinquoecclesiensi,
1032 3955 1185 4041 Philippo
1211 3951 1387 4037 Vaciensi,
1405 3951 1475 4016 aule

357 4063 489 4131 domine
513 4065 639 4149 Regine
666 4069 827 4133 consortis
853 4071 966 4132 nostre
982 4063 1173 4131 charissime
1189 4061 1406 4142 Oanocllario,
1422 4057 1477 4124 Ti-

356 4171 485 4240 motheo
502 4173 729 4259 Zagrabiensi,
746 4176 940 4243 Lodomerio
965 4172 1162 4241 Varadiensi
1172 4220 1181 4255 ,
1198 4171 1360 4258 Dionysio
1375 4167 1478 4236 lauri-

357 4283 438 4365 ensi,
456 4287 490 4348 et
507 4281 603 4348 Petro
619 4281 849 4369 Trarsylvano
876 4283 1062 4369 episcopis,
1079 4279 1249 4347 Ecclesias
1265 4280 1328 4345 Dei
1345 4279 1480 4346 feliciter

355 4391 634 4476 gubernantibus,
652 4393 803 4460 Rolando
820 4391 982 4477 Palatino,
1002 4400 1034 4457 et
1050 4389 1166 4458 Jndioe
1177 4390 1405 4470 Cumanorum,
1422 4385 1479 4450 Er·

356 4519 420 4586 noy
437 4501 529 4568 Bono
545 4500 663 4568 Jndice
679 4502 776 4568 Cnrie
793 4509 918 4584 nostre,
933 4503 1064 4568 hlatbeo
1078 4494 1481 4586 Vojnoda'Pransyluanie

357 4616 389 4674 et
405 4610 529 4676 Gemite
545 4609 587 4674 de
602 4610 779 4697 ernoogh,
806 4609 933 4696 Egydio
949 4611 1108 4696 Magistro
1129 4609 1406 4692 Tawamicorum,
1420 4603 1479 4670 Ni-
