3156 5158
103 1003 130 1066 A
145 1000 237 1087 Μή
251 997 408 1089 ltdptalaa
423 997 692 1086 biaoaysdylaoale,
709 999 786 1086 laoy
803 998 909 1064 Moab
920 998 1050 1064 Pcilrrak
1057 998 1118 1084 jia,
1128 998 1224 1085 pendi

104 1131 210 1192 amam,
226 1109 344 1195 Doaup
358 1109 441 1174 asad
448 1105 558 1191 faldae
574 1106 662 1192 Gyb‘r
676 1107 836 1194 mspydben
855 1109 956 1196 oajdra
970 1107 1112 1173 Jonas-a
1121 1157 1131 1188 ,
1157 1107 1223 1171 Βα-

330 1214 442 1302 rtyeni
457 1215 586 1282 Primos
592 1216 683 1300 fidam
698 1215 876 1281 dtmldzta.
898 1217 994 1282 1273.

210 1377 370 1462 Magister
387 1377 592 1446 (laraehinus
609 1375 802 1464 Propositus
817 1377 968 1446 lieolesie
978 1379 1161 1446 lauriensis
1177 1385 1224 1445 to-

103 1493 236 1570 tumque
253 1486 440 1574 Capitulum
452 1487 516 1554 looi
533 1485 678 1554 eiusdem
695 1486 844 1554 omnibus
859 1485 980 1554 lllrristi
992 1486 1144 1556 fidelibus
1154 1506 1226 1574 pre-

106 1601 217 1662 sentes
245 1595 372 1662 litteras
397 1595 593 1682 inspecturis
610 1596 749 1688 salutem
766 1596 799 1662 in
816 1597 958 1664 omnium
975 1597 1158 1662 sarsore.
1174 1593 1226 1660 Ad

105 1703 328 1771 rniuersorum
345 1704 499 1772 noticiam
517 1711 628 1790 tenore
654 1704 857 1790 presencium
874 1703 1024 1772 volumus
1041 1703 1225 1788 peruenire,

105 1809 195 1894 quod
211 1809 325 1878 Lanah
342 1809 428 1879 filius
444 1805 539 1878 Padli
557 1811 679 1878 nobilis
695 1810 736 1880 de
753 1811 847 1880 Geud
862 1812 1016 1880 heredum
1032 1810 1157 1878 solaeio
1174 1811 1228 1877 de·

105 1923 262 2009 stitutus,
288 1920 373 1988 sieut
397 1919 499 2004 dixit,
534 1939 643 1987 eoram
668 1920 763 1988 nobis
779 1922 971 1990 constitutus
988 1921 1065 1988 viua
1082 1941 1162 1986 voee
1178 1925 1229 1985 est

104 2027 291 2114 confessos,
308 2027 393 2112 quod
410 2029 489 2114 quia
514 2029 685 2114 lohannes
701 2029 788 2098 lilius
804 2031 931 2098 Primus
947 2029 988 2097 de
1005 2028 1158 2115 Bathyan
1175 2048 1229 2114 ge-

107 2157 169 2203 ner
187 2156 266 2204 suus
282 2136 490 2222 predileetus,
507 2141 562 2223 qui
581 2119 731 2208 similiter
748 2161 860 2208 eoram
876 2138 970 2210 nobis
986 2148 1057 2206 erat
1073 2139 1230 2208 eonstitu-

106 2254 172 2333 tus,
198 2243 264 2312 sibi
280 2246 313 2312 irr
341 2247 427 2312 omni
452 2255 647 2334 paupertate
672 2267 733 2315 sua
749 2270 864 2318 manus
880 2250 1025 2338 porrexit
1042 2248 1230 2330 adiutriees,

103 2352 213 2438 ipsias
230 2353 372 2442 inopiam
391 2376 432 2422 ex
448 2355 628 2426 visceribus
644 2358 777 2442 pietatis
792 2356 980 2443 releuando,
996 2366 1029 2425 et
1043 2363 1175 2444 propter
1185 2357 1232 2423 di·

105 2463 292 2530 leoeionem
309 2461 436 2531 domine
452 2466 541 2532 Kata
558 2467 684 2534 vterirre
695 2468 816 2536 sororis
832 2487 900 2551 sue,
916 2465 1028 2534 vxoris
1044 2466 1172 2532 soilioet
1187 2464 1233 2529 di·

105 2571 151 2637 oti
169 2571 346 2660 iohannis,
364 2575 416 2639 eoi
432 2582 499 2642 tum
516 2593 619 2643 eausa
634 2576 874 2663 proximitatis,
890 2583 957 2644 tum
983 2575 1086 2640 seiam
1102 2594 1161 2660 pro
1178 2573 1235 2640 ho-

105 2678 245 2746 naribus
270 2689 304 2749 et
328 2682 479 2750 seruioiis
505 2684 612 2752 eidem
639 2685 858 2752 intentissime
884 2685 1041 2770 impensis
1059 2689 1091 2748 et
1107 2681 1231 2750 exhibi-

102 2787 149 2857 tis
168 2787 395 2858 fraternaliter
411 2812 581 2862 ooeurrere
605 2794 796 2876 terrebatur,
824 2792 987 2876 quandam
1005 2797 1123 2859 terram
1139 2811 1234 2859 suam

102 2898 227 2984 Durug
239 2899 898 2994 voeatatam(tgy)inliomitatulauriensi
909 2901 1102 2970 existentem
1113 2899 1237 2969 heredi·

106 3011 249 3096 tariam,
266 3013 414 3098 etipsum
425 3012 529 3080 solum
540 3011 877 3098 contingentem,sieut
887 3012 981 3092 dixit,
997 3031 1069 3079 oum
1086 3009 1236 3078 omnibus

102 3119 312 3187 vtilitatibus
329 3126 361 3186 et
376 3121 564 3207 partienaiis
588 3125 656 3190 suis
682 3128 716 3188 et
731 3123 764 3188 in
781 3119 904 3188 eisdem
920 3120 1016 3188 metis
1032 3127 1065 3186 et
1081 3118 1236 3202 terminis,

102 3229 233 3312 quibus
250 3230 322 3316 ipse
338 3236 371 3296 et
386 3238 481 3318 pater
497 3251 576 3300 suus
592 3230 728 3319 pacifice
754 3229 974 3316 possederunt
983 3277 993 3314 ,
1008 3228 1050 3296 de
1076 3245 1238 3295 consensu

102 3347 139 3404 et
157 3338 382 3423 permissione
398 3341 539 3408 omnium
550 3340 730 3410 vioinornm
743 3345 775 3406 et
785 3345 1079 3422 eommetaneorum
1096 3355 1237 3419 suorum,

103 3453 216 3530 prout
240 3449 386 3514 asseruit
396 3498 405 3532 ,
423 3449 532 3533 dedit,
550 3447 703 3532 tradidit,
722 3448 858 3518 eontulit
881 3455 914 3512 et
938 3445 1073 3514 donauit
1088 3444 1237 3529 prodioto

102 3553 266 3622 lohanni
280 3563 313 3622 et
327 3555 514 3624 Pethefilio
529 3577 589 3626 suo
614 3557 655 3624 de
681 3557 833 3642 prediola
848 3555 980 3623 domina
997 3552 1087 3621 Kata
1102 3572 1238 3640 proero-

102 3673 170 3734 ato
191 3685 265 3734 eum
282 3665 434 3734 omnibus
450 3665 625 3734 heredibus
641 3666 846 3734 etheredum
862 3654 1104 3732 soccessoribus
1119 3681 1239 3747 perpe-

101 3783 170 3842 tuo
202 3780 238 3841 et
261 3775 521 3846 irreuooabiliter
544 3773 788 3864 possidendam.
813 3775 884 3841 Hoa
899 3770 1047 3852 adiecto,
1064 3768 1151 3855 quod
1166 3772 1240 3854 qui-

101 3904 251 3968 cunque
266 3890 375 3972 ipsam
390 3885 729 3973 terramimposterum
741 3882 896 3970 impetere
907 3878 1161 3967 attemptauorit,
1171 3899 1242 3964 pre·

100 3995 231 4062 dietus
245 3993 360 4063 Lanoh
375 3995 538 4063 tenebitur
554 3993 711 4082 expedire
736 3990 878 4080 propriis
891 3989 1057 4058 laboribus
1073 3995 1107 4056 et
1122 4007 1242 4076 experr-

99 4106 170 4174 sis.
189 4105 236 4170 In
252 4105 346 4173 euius
361 4106 410 4171 rei
425 4106 613 4172 memoriam
633 4111 666 4169 et
690 4109 881 4188 perpetuam
907 4099 1089 4184 firmitatem
1113 4098 1243 4164 litteras

99 4221 257 4282 nostras
274 4213 494 4282 concessimus
504 4213 680 4281 munimine
689 4211 791 4279 nostri
811 4208 911 4298 sigilli
927 4208 1108 4276 roboratas.
1120 4205 1241 4272 Datum

97 4341 210 4392 anno
228 4319 362 4389 Domini
376 4323 550 4392 millesimo
566 4321 648 4390 00⁰-
664 4318 908 4408 septuagesimo
925 4315 1037 4404 teroio,
1053 4310 1242 4380 Alexandro

96 4435 267 4503 Beatore
277 4438 310 4498 et
318 4431 574 4520 Leotore,Myku
584 4429 728 4500 Custode
739 4425 887 4495 Eoolesie
897 4433 1005 4492 nosue
1015 4419 1242 4490 existentibus.

307 4553 453 4628 (Eredetie
466 4574 484 4612 a
497 4553 670 4630 samartani
682 4546 1067 4627 ldapttstglevelttrtban.)

583 4682 797 4700 ν,-...----ισιιι·
