3142 5164
818 314 928 418 „13ss
952 296 978 421 J.

340 513 416 581 bum
433 518 583 600 oporteat
599 513 632 581 in
647 515 768 585 nostris
784 516 904 586 litteris
918 515 1050 605 plenam
1067 519 1102 583 et
1117 533 1309 606 expressam
1325 515 1458 585 mantin·

339 643 413 690 nem
438 621 527 705 fieri,
555 629 588 690 et
611 645 670 711 per
695 643 794 709 quam
819 625 956 695 effectus
980 625 1168 694 huiusmodi
1183 626 1289 712 gratie
1306 625 1457 712 impediri

338 731 450 800 ualeat
465 731 517 797 rel
534 731 670 817 differri,
687 741 745 802 sut
760 736 789 802 si
805 754 947 822 persone
963 733 1148 804 huiusmodi
1158 736 1245 804 alias
1261 735 1457 802 beneficiate

339 837 493 924 existant,
509 839 708 912 fraternitati
723 850 779 911 lne
797 845 939 915 liberam
954 844 1152 912 auctoritate
1167 845 1369 930 presentium
1386 864 1456 911 con-

340 947 482 1015 cedimus
508 948 710 1020 facultatem.
737 953 858 1023 Datum
888 953 1012 1022 viterbi
1036 953 1077 1021 X.
1102 951 1275 1022 Kalendas
1292 952 1454 1035 Octobris,

339 1056 552 1132 Pontificatns
569 1063 674 1130 nostri
689 1081 777 1132 anno
793 1062 908 1150 primo.

436 1257 495 1331 (111.
508 1258 615 1317 lliklds
627 1260 707 1332 papa
718 1257 917 1332 Regcsttibdl,
931 1257 1060 1318 Theiner
1071 1258 1110 1318 id.
1123 1277 1160 1316 m.
1173 1259 1195 1314 l.
1208 1257 1236 1314 lr.
1251 1258 1314 1315 een
1328 1257 1360 1332 l.)

781 1558 1025 1572 —--·---—-—..-

867 2089 928 2154 so.

338 2287 395 2374 33)
412 2285 442 2352 A
462 2291 553 2374 pcipe
578 2287 715 2374 Fctnpot
730 2287 1006 2373 mcpbctalorczza,
1023 2287 1102 2374 bopy
1119 2287 1263 2374 bizouyoe
1271 2285 1455 2373 feltc'tclezfs

384 2393 494 2462 mellcft
510 2418 549 2460 cz
562 2395 767 2484 epybctzialcct
783 2419 804 2458 a
816 2395 1092 2482 ezcbctlytalunaa'p
1110 2395 1174 2460 clo'l
1184 2393 1414 2480 fclmerrtbessc.

452 2594 609 2663 Nicotaus
634 2591 820 2679 Episcopus
856 2611 971 2663 seruus
998 2612 1165 2661 seruorum
1192 2593 1255 2659 Dei
1280 2593 1455 2662 venerabili

337 2703 431 2774 fratri
456 2703 609 2788 Philippo
636 2701 803 2788 Episcopo
830 2701 985 2770 Firmano
1012 2700 1204 2788 Apostolice
1219 2700 1318 2768 Sedis
1336 2701 1455 2787 Legata

337 2814 476 2879 salntem
502 2817 534 2878 et
549 2809 775 2894 Apostolicam
803 2809 1077 2879 benedictionem.
1095 2811 1174 2878 Oum
1191 2815 1224 2876 te
1240 2809 1285 2876 ad
1302 2809 1455 2894 Ungarie,

337 2919 481 3003 Polonie,
495 2919 672 3006 Dalmatio,
691 2920 835 3004 Oroatia,
853 2925 966 3004 Rome,
985 2919 1111 3004 Servio,
1123 2917 1328 3003 Lodnmerie,
1341 2918 1457 2986 Galitie

338 3037 370 3097 et
385 3025 543 3098 (tumanie
558 3034 690 3114 partes,
706 3029 769 3096 tibi
786 3030 963 3098 commisso
979 3027 1062 3095 inibi
1077 3029 1176 3114 plene
1194 3027 1373 3112 legationis
1388 3025 1453 3094 olli·

337 3137 387 3205 cio
404 3155 464 3222 pro
480 3134 592 3206 arduis
607 3137 749 3223 negotiis
766 3138 966 3206 destinemus
985 3161 993 3202 ι
1009 3155 1069 3206 nos
1086 3136 1245 3222 volentes,
1257 3141 1293 3202 ut
1309 3133 1456 3222 spiritua·

336 3247 414 3314 lium
430 3245 607 3331 largitione
622 3265 789 3315 munerum
806 3246 932 3315 incolas
949 3245 1078 3316 illarum
1098 3245 1239 3334 partium
1251 3243 1378 3312 reddas
1388 3241 1455 3308 Deo

336 3362 368 3423 et
384 3353 463 3422 Sedi
480 3355 670 3442 Apostolioe
686 3355 761 3442 plus
789 3355 936 3442 devotos,
954 3355 1157 3424 fraternitati
1174 3359 1229 3421 tne
1244 3347 1457 3439 dispensandi

336 3469 452 3552 perte
477 3464 530 3533 rel
555 3483 617 3550 per
644 3463 745 3532 alium
770 3470 827 3532 ant
851 3464 937 3534 alios
960 3483 1031 3531 cum
1047 3447 1199 3550 personis
1216 3459 1457 3544 ecclesiasticis,

335 3571 501 3659 religiosis
530 3579 563 3639 et
590 3573 792 3642 secularibus
817 3578 872 3641 tue
896 3573 1073 3660 legationis
1095 3591 1193 3660 super
1208 3567 1456 3656 irregularitate,

339 3701 437 3766 quam
463 3687 695 3751 conbuserunt
722 3683 776 3748 rel
802 3682 1027 3750 contraxerint
1042 3680 1209 3768 legatione
1226 3678 1373 3746 durante
1389 3697 1456 3763 pre

341 3790 441 3877 dicta,
467 3809 507 3857 ex
525 3809 566 3860 eo
582 3791 671 3875 quod
687 3791 967 3861 excommunicate
992 3793 1187 3877 receperunt
1210 3787 1343 3856 ordines
1359 3791 1393 3854 et
1407 3783 1459 3852 mi-

336 3897 518 3966 nistrarunt
542 3901 575 3964 in
602 3898 694 3984 ipsis,
719 3903 776 3966 aut
791 3899 1151 3984 excommunicationis,
1167 3895 1395 3984 suspensionis
1411 3891 1459 3962 vel

337 4006 503 4074 interdicti
519 4006 692 4074 sententiis
703 4006 858 4078 innodate
867 4009 991 4077 Divina
1006 4007 1118 4077 officia
1137 4003 1356 4091 celebrarunt,
1374 4007 1458 4091 post·
1545 3991 1546 4007 ³

338 4133 434 4201 quam
450 4116 493 4182 ab
509 4113 693 4184 huiusmodi
719 4117 895 4186 sententiis
912 4118 973 4184 rite
990 4115 1111 4186 fuerint
1130 4114 1292 4198 absolute,
1318 4111 1462 4182 iniuncta

338 4225 386 4292 eis
411 4243 470 4310 pro
486 4225 582 4292 modo
598 4225 693 4312 culpe
709 4227 893 4312 penitentia
911 4225 1131 4312 competenti,
1158 4223 1296 4293 liberam
1313 4219 1460 4291 concedi-

335 4351 406 4398 mus
431 4332 628 4401 auctoritate
653 4335 858 4420 presentium
885 4333 1089 4404 facultatem.
1116 4333 1240 4400 Datum
1264 4329 1407 4398 viterbii
1422 4327 1459 4397 Χ.

335 4439 505 4509 Kalendas
522 4440 686 4528 Octobris,
704 4443 922 4512 Pontificatus
938 4444 1042 4512 nostri
1060 4462 1146 4511 anno
1162 4439 1277 4528 primo.

432 4615 495 4690 (lll.
509 4619 613 4682 Mittor
626 4619 704 4699 ptpa
723 4620 924 4694 Regeatdibbl
938 4620 1067 4678 Theiuer
1079 4619 1117 4676 id.
1129 4637 1165 4674 ιιι.
1178 4619 1200 4674 1.
1213 4619 1241 4675 k.
1255 4617 1318 4682 336.
1331 4615 1364 4693 l.)

798 4775 1007 4796 η--ν--ιι
