3142 5170
604 345 760 446 Q

115 545 217 610 nostri
241 543 511 612 recordacionom
537 541 703 631 felicium,
730 550 763 610 et
790 545 909 612 nostris
944 545 1167 630 desudarunt,
1201 567 1242 615 ac

116 654 148 718 iu
165 653 306 720 diuersis
323 653 592 740 expedicionibus
611 659 679 718 tam
705 655 916 735 generalibus
942 675 1041 738 quam
1066 656 1242 741 particula·

116 761 206 828 ribus
223 767 256 827 et
272 760 484 828 confiniorum
501 761 606 846 Regni
631 762 736 830 nostri
763 760 1020 831 deffensionibns
1049 765 1161 830 mortis
1188 785 1242 851 pc-

119 869 226 938 ricula
250 889 316 936 non
341 876 503 953 pauentes
519 889 584 935 non
602 869 674 936 sine
692 870 743 936 sui
758 871 929 953 sanguinis
945 869 1104 938 effusione
1120 871 1242 938 sudori-

119 979 180 1045 bus
205 977 334 1044 bellicis
360 977 541 1045 militarunt
557 985 589 1044 et
604 977 777 1046 fidelitatis
795 977 961 1047 indefesse
978 978 1117 1048 ardores
1134 981 1242 1049 animo

116 1091 294 1173 conceptos
321 1085 530 1152 exhibicione
556 1105 689 1174 operum
716 1087 789 1153 luce
816 1087 939 1159 clarius
957 1089 1239 1173 demonstrarunt;

77 1205 83 1215 “
115 1193 265 1278 prefatas
282 1195 510 1281 possessiones
526 1195 701 1263 uniuersas
718 1200 751 1260 et
766 1194 914 1280 singulas
941 1216 962 1262 a
978 1195 1127 1282 predicto
1153 1198 1244 1282 Rege

115 1304 209 1387 Belo,
222 1304 353 1387 Inclyto
371 1322 434 1369 auo
451 1307 573 1382 nostro,
591 1303 661 1370 suis
677 1303 853 1368 meritoriis
871 1303 1019 1369 seruiciis
1030 1309 1062 1367 et
1076 1303 1244 1372 fidelitatis

118 1408 274 1494 operibus
292 1411 474 1494 acquisitas
501 1417 534 1475 et
559 1431 579 1477 a
596 1410 741 1496 predicto
767 1416 862 1496 patre
879 1417 992 1480 nostro
1009 1413 1101 1493 Rege
1118 1413 1240 1480 Illustri

113 1516 298 1587 notificatas
315 1517 516 1603 approbatus
534 1524 568 1582 et
584 1515 803 1602 confirmatae,
820 1517 1021 1586 authoritate
1039 1521 1242 1604 presencium

114 1627 339 1711 approbamus
367 1631 401 1692 et
427 1625 586 1692 valituras
608 1625 685 1711 jure
704 1636 860 1713 perpetuo
882 1626 1120 1711 confirmamus,
1137 1635 1170 1694 et
1187 1629 1237 1694 ni-

112 1734 308 1802 chilominus
324 1731 368 1800 ad
385 1733 543 1820 majorem
561 1735 724 1802 cautelam
741 1747 773 1800 et
789 1735 1030 1800 abundanciam
1046 1735 1239 1802 stabilitatis

111 1848 274 1928 perpetue
291 1840 332 1906 de
358 1861 442 1907 nouo
469 1841 686 1924 conferimus,
704 1840 913 1908 concedimus
931 1847 964 1908 et
980 1843 1149 1928 donamus,
1168 1861 1238 1926 pro·

116 1947 331 2032 rogacionem
350 1949 456 2014 eciam
474 1949 921 2034 collacionispossessionum
932 1949 973 2016 de
986 1951 1244 2034 personaipsius

110 2056 255 2124 Comitis
273 2055 407 2138 Mathia
424 2057 454 2122 si
471 2077 544 2124 eum
562 2059 634 2124 sine
649 2059 829 2126 heredibus
845 2059 1059 2144 masculinis,
1085 2058 1171 2140 quod
1187 2059 1242 2126 ab·

111 2165 170 2246 sit,
187 2163 349 2232 decedere
365 2163 580 2248 contingeret,
592 2166 627 2231 in
643 2183 803 2252 personas
820 2167 957 2232 fratrum
969 2185 1099 2233 suorum
1118 2165 1241 2234 factam

107 2279 142 2337 et
153 2271 350 2357 deriuatam,
363 2272 540 2339 munimine
554 2273 733 2341 litterarum
745 2277 948 2358 presencium
966 2276 1159 2342 innouamus
1176 2275 1234 2361 ita,

107 2387 145 2448 vt
161 2381 356 2447 immediate
381 2381 472 2446 nulla
496 2381 566 2447 alie
591 2382 773 2457 collacione
800 2381 905 2466 Regia
927 2389 1104 2466 expectata
1120 2383 1152 2448 in
1169 2402 1240 2470 pre·
1330 2466 1335 2483 ‚

109 2489 203 2556 fatos
230 2488 350 2556 fratres
376 2482 454 2557 suos
476 2507 517 2554 ex
533 2508 619 2556 nune
634 2497 670 2556 vt
686 2509 728 2555 ex
743 2497 820 2555 tunc
835 2508 876 2554 ex
894 2487 1120 2556 munificencia
1135 2489 1241 2574 Regia

112 2597 349 2682 possessiones
367 2595 540 2681 prehabito
557 2599 624 2663 sint
641 2600 815 2665 translate.
833 2598 875 2662 Vt
891 2597 989 2681 igitur
1013 2595 1112 2683 hujus
1128 2598 1176 2664 rei
1192 2617 1241 2665 se·

105 2705 179 2772 ries
205 2705 305 2772 robur
322 2705 470 2772 obtineat
487 2712 646 2792 perpetue
660 2705 834 2788 firmitatis,
851 2713 1021 2790 presentes
1038 2706 1165 2774 litteras
1182 2726 1242 2772 no-

107 2819 206 2881 stras
224 2813 447 2880 concessimus
463 2811 606 2898 duplicis
633 2813 722 2896 sigili
747 2815 853 2882 nostri
869 2813 1044 2882 munimine
1060 2815 1245 2882 roboratas.

105 2922 242 2989 Datum
268 2941 329 3008 per
353 2941 470 2989 manus
496 2923 559 2992 viri
586 2923 721 2992 discreti
749 2923 899 3010 magistri
924 2923 1151 2992 Bartholomei
1168 2925 1243 2990 aule

103 3038 229 3098 nostre
257 3029 550 3098 Vico-(lancellarii
575 3031 687 3100 dilecti
713 3039 747 3098 et
762 3032 868 3100 tidelis
886 3032 992 3100 nostri
1008 3051 1094 3100 anuo
1110 3031 1242 3098 Domini

105 3137 293 3205 millesimo
321 3138 545 3206 ducentesimo
572 3142 795 3225 octuagesimo
824 3141 945 3228 tercio,
973 3140 1083 3223 quinto
1114 3137 1243 3205 decimo

98 3245 278 3314 kalendas
296 3248 386 3332 Maji‚
404 3249 589 3315 indiccione
599 3249 785 3335 vndeoima,
796 3249 901 3333 Regni
914 3255 1024 3316 antem
1040 3249 1143 3315 nostri
1153 3267 1244 3314 anno

100 3355 290 3422 vndecimo

97 3547 345 3622 (Suarvaslrandi
368 3547 466 3606 Sibrilr
488 3549 618 3605 Ferencz
632 3546 753 3620 pereblll
765 3549 888 3620 Nicnky,
904 3545 1051 3622 Snecslldy
1065 3547 1124 3605 stb.
1138 3545 1249 3604 cealad-

96 3639 210 3697 beliek
237 3639 322 3711 elien,
334 3639 411 3711 mely
425 3641 458 3696 17
467 3642 503 3695 to.
523 3641 689 3712 september
702 3639 779 3712 1-jen
792 3637 967 3708 felvetetett,
982 3655 1000 3694 a
1014 3639 1042 3694 lr.
1058 3655 1179 3710 magyar
1192 3637 1247 3692 Cu-

386 3729 429 3786 ria
442 3728 641 3788 tevtlttrtban
653 3730 680 3788 4.
693 3732 773 3788 3804.
786 3729 866 3788 suam
878 3729 974 3800 alatt.)
