3116 5166
912 295 955 364 66

854 391 1005 406 ——n

371 486 417 554 ad
440 488 687 575 redemptiones
715 490 902 558 huiusmodi
927 487 1068 558 fideliter
1085 489 1303 575 colligendas,
1320 495 1353 558 et
1367 491 1429 558 sub
1445 495 1485 556 te·

371 599 522 666 stimomio
537 599 681 674 fidelium
697 603 911 686 consignatas
927 601 1142 688 deponendas
1168 602 1202 668 in
1218 607 1308 684 tuto,
1324 617 1485 684 quousque

369 727 428 792 per
443 728 503 776 nos
520 708 716 796 dispositum
730 709 847 793 tuerit,
873 710 1015 794 qualiter
1040 711 1075 777 in
1099 709 1287 778 huiusmodi
1312 707 1484 776 subsidium

368 825 620 902 convertantur,
647 819 743 888 vobis
769 817 901 905 plenam
926 819 1099 888 tribuimus
1116 818 1319 886 facultatem.
1337 815 1483 884 Volumus

368 931 521 1010 preterea
537 940 571 994 et
585 927 815 1011 consedimus,
840 933 876 994 ut
893 946 969 1012 ros,
994 929 1099 1012 quiin
1126 925 1233 992 obicio
1259 924 1481 1012 predicationis

367 1035 475 1102 crucis
492 1055 551 1120 pro
567 1038 715 1123 presenti
730 1038 863 1119 negotio
888 1056 947 1121 per
963 1037 1140 1103 triennium
1157 1035 1317 1102 duxeritis
1335 1033 1477 1101 laboran-

350 1137 466 1223 dum,
493 1141 559 1210 illis
576 1146 781 1212 immunitate
797 1163 838 1212 ee
854 1145 1039 1232 privilegiis
1055 1145 1252 1230 gaudeatis,
1269 1143 1424 1226 illiusque
1438 1143 1476 1206 io-

367 1250 555 1338 dulgeut're,
595 1253 723 1320 etiamsi
758 1252 845 1320 infra
880 1254 988 1338 ipsum
1011 1253 1188 1320 triennium
1215 1269 1288 1320 cunr
1314 1249 1479 1320 intentione

365 1359 537 1428 decedatis
547 1360 745 1446 huiusmodi,
759 1362 833 1428 sitis
846 1363 1038 1448 participes,
1050 1379 1112 1444 que
1129 1359 1348 1446 personaliter
1359 1356 1392 1424 iu
1402 1363 1475 1424 terre

365 1467 511 1550 predicte
527 1468 708 1536 subsidium
724 1470 1013 1538 transfretantibus
1028 1470 1063 1538 in
1090 1468 1246 1548 Generali
1263 1463 1411 1540 coneilio
1432 1482 1476 1528 uo·

364 1581 497 1642 suuntur
513 1595 588 1644 esse
603 1595 772 1646 concessa.
790 1577 948 1646 Volumus
962 1579 1098 1661 imsuper
1113 1585 1146 1644 et
1162 1575 1361 1661 presentium
1378 1577 1473 1640 suob-

364 1680 461 1748 ritate
476 1680 624 1750 districto
641 1682 857 1769 precipimus,
884 1684 973 1769 quod
989 1686 1023 1753 im
1039 1683 1211 1772 premissis
1228 1681 1428 1770 exequendis
1443 1679 1473 1744 ti·

363 1790 405 1856 tis
420 1789 554 1856 solliciti
572 1799 606 1858 st
621 1793 749 1868 attenti,
767 1792 876 1860 necin
893 1795 1029 1862 illorum.
1039 1795 1237 1864 executione
1253 1795 1338 1860 alter
1347 1792 1471 1861 alterum

362 1897 525 1983 impediet
541 1901 595 1966 vel
611 1901 788 1985 perturbet.
805 1902 878 1970 Non
896 1903 1068 1986 obstante,
1086 1902 1114 1968 si
1130 1897 1410 1984 aliquibus-quod
1426 1917 1468 1964 er·

364 2007 607 2091 communicari,
624 2011 786 2094 suspendi
802 2010 854 2078 vel
870 2011 1021 2078 interdici
1030 2031 1095 2085 nou
1106 2011 1249 2093 valeant,
1267 2029 1289 2074 a
1304 2008 1393 2078 diets
1407 2005 1470 2082 sede

364 2113 503 2180 forsitan
520 2115 564 2184 sit
579 2116 751 2198 indultum,
769 2125 801 2183 et
817 2115 1016 2200 quibuslibet
1036 2119 1111 2186 aliis
1137 2117 1373 2203 indulgentiis,
1390 2115 1470 2201 priri-

363 2223 461 2308 legiis
486 2242 544 2290 seu
570 2223 690 2292 litteris
718 2225 760 2290 ab
778 2226 894 2292 eodem
912 2227 992 2293 sede
1009 2226 1161 2311 obtentis,
1178 2245 1238 2311 per
1255 2245 1320 2308 que
1337 2223 1469 2310 predicte

362 2331 515 2418 impediri
532 2332 585 2400 vel
601 2331 725 2400 differri
734 2337 873 2420 possint,
890 2343 923 2402 et
940 2337 983 2403 de
999 2335 1116 2418 qulbus
1132 2333 1312 2421 specialem
1338 2335 1469 2417 operiret

360 2441 395 2508 im
419 2441 627 2526 presentibus
653 2441 724 2509 fieri
749 2444 957 2512 mentionem.
989 2447 1112 2512 Datum
1143 2443 1296 2529 Lugduni
1325 2441 1379 2509 VI.
1404 2439 1467 2512 set.

361 2546 512 2614 Octobris
529 2546 755 2634 (Pontificatus
771 2550 889 2638 nostri)
906 2573 994 2621 auno
1009 2555 1114 2622 tertio.

466 2656 504 2722 In
521 2677 550 2724 e.
567 2679 606 2722 m.
624 2659 882 2744 Archiepiseopo
907 2659 1077 2732 colocensi
1104 2665 1137 2728 et
1167 2657 1329 2730 universis
1354 2657 1465 2742 Episco-

360 2765 413 2848 pis
431 2784 489 2834 sue
505 2766 683 2850 provincie.
1537 2759 1538 2765 ’

448 2959 496 3032 (Χ.
516 2957 645 3032 Gergely
659 2959 737 3034 pdpa
749 2961 949 3036 Regesttibcl,
964 2963 1092 3020 'Pholoes
1105 2964 1142 3026 id.
1158 2983 1195 3023 m.
1208 2965 1230 3019 l.
1244 2965 1273 3020 k.
1288 2963 1349 3020 elo.
1361 2961 1389 3032 l.)
