3116 5166
848 308 1009 411 „Lm-

363 504 441 591 qnid
465 525 600 593 prorsus
624 505 792 577 firmitatis
817 505 949 575 habere.
969 505 1042 588 une
1058 513 1169 577 actem
1191 505 1235 578 ad
1250 507 1355 596 ipsius
1369 511 1489 598 Propo

363 615 419 686 siti
434 613 657 684 excusandam
682 617 868 685 absentiam
883 614 1101 697 inducuntur,
1126 614 1252 683 nullum
1269 619 1489 688 excusationis

363 723 551 806 sadregium
565 721 716 792 videntur
731 724 863 792 afferre.
879 723 965 791 Nam
981 743 1044 792 nec
1061 725 1172 792 malus
1188 731 1295 793 status
1310 726 1418 812 Regni
1426 745 1490 813 pre

362 833 431 919 tati,
450 827 512 918 (itt
527 832 681 920 bitnynil
698 829 838 921 calami)
854 849 917 899 nec
932 852 993 918 per
1008 834 1233 920 provisionem
1249 835 1352 922 ipsius
1366 835 1487 920 Strigo·

363 941 488 1008 niensis
505 941 649 1010 Ecclesie
676 949 830 1028 speratur
845 941 1070 1029 multipliciter
1089 941 1256 1029 provideri
1280 945 1321 1028 ci,
1336 959 1487 1012 necessa·

362 1051 443 1116 riam
468 1049 502 1115 in
518 1049 576 1118 illo
594 1067 715 1116 moram
730 1049 851 1117 indixit
870 1051 1014 1118 sedeam
1029 1051 1103 1137 ipse
1119 1069 1181 1118 sna
1197 1050 1298 1120 subiit
1313 1052 1486 1118 voluntate.

364 1159 435 1226 Nec
450 1157 677 1243 compromissi
688 1157 827 1246 predicti
854 1159 998 1244 receptio
1015 1177 1088 1226 eum
1105 1177 1128 1225 a
1142 1159 1340 1228 necessitate
1349 1159 1485 1244 parendi

364 1263 474 1334 edicto
501 1275 614 1334 nostre
639 1265 807 1334 citationis
832 1266 962 1351 exemit,
989 1265 1069 1334 licet
1084 1267 1116 1335 ei
1131 1273 1206 1354 post
1223 1273 1387 1353 receptum
1404 1287 1485 1333 conr·

365 1374 561 1460 promissum
578 1375 703 1442 arbiter
718 1373 827 1444 dicere
844 1373 1042 1446 senteutiam
1058 1373 1104 1442 sit
1123 1375 1306 1461 cogendus,
1323 1383 1432 1442 umen
1448 1375 1484 1443 si·

366 1487 421 1548 cut
445 1481 545 1567 legali
561 1483 751 1567 provisione
767 1491 904 1550 caretur
913 1531 922 1567 ,
938 1500 1057 1568 urgens
1085 1481 1263 1568 profectio,
1280 1483 1323 1550 ad
1342 1500 1439 1566 quarn
1454 1483 1482 1548 in

366 1605 448 1656 casn
472 1592 613 1658 eundem
641 1590 846 1678 Propositum
872 1592 1052 1658 auctoritas
1069 1599 1184 1659 nostre
1201 1589 1365 1658 citationis
1380 1596 1483 1658 arcta-

365 1699 442 1785 bat,
467 1699 502 1765 id
517 1719 635 1767 munus
651 1699 837 1770 remittebat
853 1697 959 1766 eidem
976 1721 983 1763 ι
1003 1699 1063 1765 sed
1078 1717 1140 1766 nec
1157 1697 1315 1782 allegatio
1330 1698 1483 1783 premissa

371 1806 510 1894 periculi
528 1807 725 1874 imminentis
749 1812 886 1894 propter
903 1806 1130 1876 dissensiones
1147 1811 1180 1872 ct
1196 1825 1334 1891 guerras
1350 1805 1482 1872 eundem

366 1915 609 2001 Pscposicuma
625 1917 827 1984 contumatia
844 1915 924 1982 dicti
947 1915 1193 2002 predecessoris
1210 1917 1310 1982 nostri
1328 1912 1482 1982 lobannis

367 2025 538 2092 commissa
553 2030 709 2111 tempore,
727 2031 902 2108 nostroque
923 2044 989 2090 non
1006 2023 1112 2092 solnm
1129 2023 1340 2109 continuata,
1357 2023 1414 2089 sed
1429 2023 1482 2087 cti·

367 2150 421 2198 am
438 2132 657 2216 multiplicata
673 2131 837 2217 detendit3
865 2139 934 2198 tum
951 2132 1107 2214 quianon
1124 2138 1176 2200 cst
1192 2131 1379 2215 consimile,
1393 2131 1481 2196 inmo

366 2257 428 2306 nec
443 2257 553 2306 verum
570 2258 646 2306 csso
662 2238 882 2323 credendum,
897 2239 969 2308 uiro
995 2241 1044 2306 sic
1060 2239 1095 2304 in
1111 2239 1199 2306 dicto
1224 2241 1340 2322 Regno
1367 2237 1483 2324 potenti

366 2353 503 2432 propter
520 2347 744 2416 dissensiones
759 2355 794 2415 et
808 2367 944 2432 guerras
959 2346 1144 2414 huiusmodi
1160 2346 1275 2413 taliter
1290 2365 1403 2414 omnes
1416 2344 1482 2412 rius

366 2454 438 2524 fore
469 2454 657 2540 preciosas,
683 2455 769 2539 quod
794 2457 911 2524 saltem
936 2473 1009 2520 cum
1036 2453 1213 2522 diffusioris
1238 2453 1369 2521 itineris
1392 2471 1482 2520 onere
1546 2491 1547 2504 κ

365 2561 471 2647 ipsius
487 2562 740 2650 predecessoris,
751 2569 809 2631 ant
818 2569 931 2632 nostre
946 2583 1009 2630 non
1026 2565 1173 2649 potuerit
1188 2563 1339 2631 citationi
1354 2581 1481 2650 parere;

365 2676 435 2736 tum
452 2671 529 2754 qnia
545 2672 784 2740 dissensionum
811 2679 844 2740 et
859 2691 1047 2759 guerrarum
1063 2672 1244 2758 periculum
1260 2692 1326 2738 non
1342 2669 1482 2759 probabi-

366 2777 443 2844 liter
457 2779 637 2866 allegatur,
663 2782 718 2850 nbi
736 2801 836 2869 super
852 2781 902 2849 cis
919 2779 1094 2848 concordie
1110 2785 1270 2848 tractatus
1288 2779 1482 2866 proponitur,

366 2888 433 2953 iam
459 2887 608 2955 obsidum
645 2887 779 2958 datione
805 2889 962 2957 firmatus.
988 2887 1150 2956 Prediotis
1176 2889 1288 2971 itaque
1321 2885 1483 2956 memorati

367 2995 535 3082 Prepositi
559 2999 847 3082 excusationibus,
873 3017 972 3086 super
998 2997 1116 3080 quibus
1142 2997 1241 3064 etiam
1263 3017 1325 3064 nec
1342 2997 1421 3064 tides
1437 2995 1483 3061 fa·

366 3113 422 3172 cta
447 3106 572 3192 extitit,
599 3126 661 3174 nec
686 3109 799 3175 oblata
823 3107 994 3193 probatio,
1010 3107 1072 3172 rite
1088 3105 1251 3192 repulsis,
1267 3125 1412 3190 quasque
1427 3123 1483 3170 nec

366 3233 433 3282 non
457 3222 491 3282 et
507 3216 674 3298 quaslibet
688 3215 774 3283 alias
790 3215 1024 3300 probationes,
1045 3216 1213 3298 rationes,
1229 3213 1303 3280 iura
1322 3221 1352 3280 et
1365 3214 1484 3298 allega·

365 3321 473 3389 tiones
499 3323 648 3392 eiusdem
676 3325 836 3393 dictorum
861 3325 1020 3392 Karaaini
1046 3331 1079 3391 et
1093 3323 1222 3391 Nicolai
1247 3327 1484 3409 procuratorum

367 3449 498 3499 suorum
524 3433 711 3518 conclusio,
737 3431 941 3500 renunciatio
967 3439 1001 3500 et
1027 3431 1160 3500 anobis
1176 3431 1307 3500 termini
1323 3429 1364 3496 ad
1379 3449 1482 3496 eornm

365 3537 559 3606 instantiam
588 3549 703 3608 secuta
727 3538 888 3626 prefixio,
912 3559 955 3608 ac
979 3539 1104 3608 decreti
1120 3542 1161 3608 dc
1186 3539 1330 3627 ipsorum
1355 3537 1483 3604 fratrum

366 3647 504 3714 consilio
519 3647 727 3733 interpositio
743 3647 827 3716 satis
844 3646 1025 3716 efficaciter
1040 3647 1255 3730 repellebant
1271 3646 1342 3715 Nos
1353 3645 1483 3730 diligen-

364 3753 430 3820 tius
454 3755 675 3832 attendentes,
701 3774 759 3842 per
784 3755 1016 3822 exhibitionem
1044 3753 1186 3841 sepefati
1211 3754 1338 3822 decreti
1367 3769 1482 3834 nequa

368 3881 466 3942 quam
482 3863 525 3930 de
540 3863 643 3950 ipsine
660 3863 819 3950 Prepositi
835 3863 999 3931 electione
1015 3869 1179 3947 constare,
1198 3881 1260 3929 nec
1276 3863 1375 3930 aliam
1390 3875 1486 3942 super

366 3987 408 4033 oa
424 3967 526 4038 luisse
540 3971 768 4058 probationem
784 3972 951 4058 oblatam,
969 3972 1054 4040 sicut
1069 3991 1131 4038 nec
1145 3977 1222 4058 post
1237 3968 1484 4045 conclusionem,

365 4075 641 4146 renuntiationem
660 4085 692 4144 et
708 4079 875 4146 decretum
898 4079 1049 4165 predicta
1065 4079 1202 4146 iorsitan
1218 4079 1379 4168 potuisset
1393 4074 1484 4142 alier-

364 4185 413 4270 ri,
430 4186 684 4256 considerantes
702 4189 846 4274 insuper,
865 4187 952 4271 quod
969 4185 1091 4254 lamam
1110 4185 1214 4272 ipsine
1231 4184 1401 4274 Prepositi,
1417 4203 1485 4270 prc-

365 4293 462 4378 cipue
478 4293 565 4375 qnod
581 4294 625 4362 ad
640 4314 829 4381 processum
847 4297 878 4362 in
896 4295 1045 4381 predicta
1062 4296 1224 4364 electione
1240 4295 1405 4376 habitum,
1422 4311 1485 4358 om·

363 4401 452 4468 nium
469 4403 565 4484 quasi
579 4405 621 4470 de
636 4405 783 4490 partibus
799 4405 866 4472 illis
882 4405 1081 4474 venientium
1097 4403 1244 4472 diffamat
1263 4405 1411 4484 assertio,
1430 4419 1486 4468 nec

364 4531 430 4578 non
455 4515 490 4578 et
504 4508 575 4578 alia
607 4513 712 4580 multa
735 4517 770 4580 et
799 4512 914 4597 rama,
939 4531 1002 4596 que
1027 4518 1143 4580 contra
1167 4511 1360 4580 electionem
1384 4509 1489 4592 ipsum
1542 4573 1543 4620 ,

363 4624 397 4686 ct
427 4619 567 4690 eundem
598 4620 828 4708 Propositum,
873 4621 983 4706 quoad
1024 4638 1099 4690 cam
1128 4619 1326 4706 religionem
1356 4621 1488 4706 possent
1542 4621 1543 4641 *
