3142 5164
625 879 696 946 tal.

91 1079 242 1147 &reddet
268 1079 420 1168 tirelyot
442 1101 464 1142 o
488 1079 659 1164 oesrprime'
685 1077 869 1166 epylrciroolr
903 1080 1096 1170 udomrioyoa
1120 1083 1226 1149 Bardo

431 1187 613 1274 dolysdybeo
627 1186 770 1254 birtokot.
789 1189 887 1255 1280.

203 1386 379 1455 Elisabeth
395 1385 460 1454 Dei
477 1384 594 1470 grania
616 1384 746 1469 Regina
768 1385 939 1473 Hungarie
964 1387 1127 1456 universis
1151 1407 1224 1473 pre·

90 1501 205 1566 sentes
221 1497 338 1566 literas
354 1494 552 1583 inspeoturis
569 1494 711 1563 salutem
727 1493 761 1560 in
782 1496 926 1563 omnium
956 1494 1138 1564 Salvatore.
1154 1499 1226 1566 Etsi

90 1603 225 1672 eunetis
261 1605 304 1673 de
327 1611 443 1674 nostra
469 1603 684 1690 sperantibus
710 1607 824 1689 greoia
848 1607 970 1673 adesse
1004 1611 1037 1673 et
1063 1606 1224 1694 prodesse

90 1715 235 1782 uelimus
261 1719 294 1783 et
319 1721 489 1783 teneamur
516 1731 558 1779 ex
584 1713 698 1781 debito
714 1713 920 1799 honestatis,
946 1716 1013 1782 illis
1038 1722 1149 1784 tamen
1165 1735 1225 1802 pre

92 1825 218 1893 ueteris
235 1821 415 1910 spetialius
440 1821 644 1907 respondere
662 1823 815 1890 volumus
841 1825 991 1911 repensis
1010 1824 1173 1911 gratuitis,
1189 1832 1225 1891 nt

93 1932 276 2017 debemus,
294 1951 432 2016 quorum
448 1949 510 1998 nos
534 1930 695 1998 indnonnt
710 1931 830 1998 merito
845 1933 1018 2016 grauiora,
1044 1939 1077 2000 et
1091 1938 1226 2000 monent

94 2040 274 2108 fidelitates
291 2039 410 2106 eximie
426 2045 459 2106 et
474 2039 631 2124 insignes.
648 2039 735 2106 Hine
751 2045 811 2126 est,
829 2041 916 2123 qnod
930 2042 1094 2109 universis
1110 2046 1224 2108 tenore

93 2151 304 2234 preseneium
329 2149 539 2231 innoteseat,
565 2147 654 2230 quod
669 2167 741 2214 oum
766 2169 829 2217 nos
844 2149 886 2217 de
910 2145 1225 2220 mann.venerebilis

93 2257 200 2342 patris
215 2257 341 2324 domini
357 2257 464 2342 Pauli,
481 2257 568 2324 bone
583 2258 739 2326 memorie
755 2255 921 2341 quondam
936 2257 1093 2345 Episoopi
1113 2259 1224 2326 Euole-

93 2367 145 2434 sie
161 2364 436 2452 vesprimiensis,
463 2367 558 2452 eujus
574 2369 727 2435 Presules
750 2387 811 2454 pro
827 2373 974 2453 tempore
989 2365 1167 2451 constituti,
1184 2386 1226 2434 ex

92 2475 305 2562 prerogativa
328 2475 479 2561 ejusdem
495 2474 646 2544 lloolesie
675 2481 708 2544 et
730 2475 853 2545 eximia
877 2475 1050 2564 libertate,
1076 2477 1224 2562 Reginus

94 2585 268 2669 Huugarie
292 2585 474 2669 inungunt,
499 2589 533 2651 et
558 2591 736 2671 eoronaut3
760 2585 795 2651 in
821 2603 886 2668 que
914 2585 1049 2668 quidem
1072 2585 1227 2654 Eeelesia

94 2699 147 2762 est
164 2693 264 2761 sedes
288 2693 469 2780 Reginalis,
487 2694 521 2760 in
537 2693 700 2778 Reginam
710 2693 880 2778 Hungarie
896 2692 1026 2762 inunote
1041 2691 1225 2778 fuissemus,

94 2809 129 2868 et
156 2801 231 2868 Deo
252 2785 399 2887 propitio
426 2801 687 2887 suscepissemus
712 2801 837 2887 pariter
860 2801 1023 2887 Reginule
1049 2800 1226 2890 dyadema,

95 2918 173 2976 tuno
198 2909 358 2995 temporis
381 2910 416 2974 in
436 2909 535 2977 oorde
560 2915 674 2977 nostro
699 2913 812 2976 votum
836 2909 1044 2978 venissemus
1070 2907 1227 2995 speciale,

94 3017 203 3084 eidem
220 3017 369 3083 Eoolesie
386 3017 637 3102 vesprimiensi,
655 3015 698 3084 ad
716 3018 870 3098 instaret
882 3019 1069 3103 exemplum
1084 3016 1225 3084 aliarum

94 3125 296 3210 Reginorum
314 3123 507 3212 Hungarie,
529 3131 623 3193 turta
638 3147 760 3194 morem
785 3127 934 3212 solitum,
960 3127 992 3192 in
1014 3125 1226 3213 possessione

94 3234 209 3317 aliqua
225 3233 425 3321 prouidere,
450 3241 608 3318 tanquam
624 3233 697 3318 ejus
714 3233 871 3321 specialis
887 3239 1030 3321 patrona
1039 3285 1048 3322 ,
1073 3234 1166 3320 ouJ'us
1181 3233 1225 3302 ad

95 3361 165 3427 nos,
186 3345 221 3407 et
236 3341 321 3410 alias
337 3342 484 3428 Reginae
508 3341 680 3426 Hungarie
702 3345 900 3412 eonstitutas
925 3363 985 3430 pro
1002 3349 1148 3430 tempore
1169 3342 1225 3428 jus

95 3449 243 3536 pertinet
259 3455 467 3535 patronatus.
493 3449 673 3538 Cupientes
698 3453 812 3537 itaque
827 3457 937 3520 votum
962 3451 1151 3537 hujusmodi
1170 3451 1225 3518 de·

95 3559 199 3625 bitum
225 3556 411 3645 producere
436 3557 481 3626 ad
497 3559 669 3643 effoetum,
693 3559 829 3626 totalem
845 3567 968 3626 terram
983 3558 1225 3644 ourriierorum,

94 3665 331 3734 boehariorum
347 3672 532 3736 nostrorum
541 3715 552 3749 ,
569 3689 611 3736 oo
626 3667 855 3754 pincernarum
870 3667 912 3736 de
928 3667 1091 3735 territorio
1105 3685 1227 3750 magne

94 3775 644 3862 rilleBerenjuxtaSumberen,in
656 3775 1227 3865 comitutuSymeglriensioonstitu·

95 3891 176 3968 tam,
186 3885 345 3986 videlieet
355 3885 390 3952 in
402 3885 498 3953 terris
507 3884 640 3974 limatis,
651 3887 697 3955 ad
714 3889 878 3955 culturam
887 3885 1022 3954 duorum
1034 3890 1226 3974 aratrorum,

97 3993 284 4063 etinterris
308 3993 560 4080 campestribus,
581 3994 689 4082 sylvis
705 4005 739 4062 et
747 3995 935 4064 nemoribus
951 3995 997 4063 ad
1007 3993 1226 4079 quantitatem

96 4123 175 4174 usus
185 4103 287 4171 trium
298 4108 481 4170 aratrorum
492 4103 755 4188 suifioientem,et
764 4104 906 4172 ienetum
916 4109 1041 4192 septem
1052 4104 1222 4172 ialeastro

98 4213 210 4282 rumin
221 4208 339 4279 eadem
350 4211 509 4294 existens,
520 4212 1030 4298 proutadmandatumnostrum
1041 4213 1227 4302 Capitulum

98 4322 253 4392 Albensis
269 4319 421 4389 Eoolesle
446 4320 542 4389 nobis
569 4321 603 4388 in
628 4322 697 4390 suis
713 4323 819 4392 literis
836 4321 1044 4392 remandavit
1059 4343 1228 4392 numerum

99 4431 303 4516 qualitatem,
321 4434 354 4498 et
370 4430 590 4514 quantitatem
615 4430 757 4498 omnium
776 4431 1022 4518 premissorum,
1042 4432 1139 4500 simul
1155 4451 1227 4500 oum

98 4541 249 4608 omnibus
263 4539 372 4606 uineis
386 4539 420 4605 in
437 4539 564 4607 eisdem
579 4539 676 4606 terris
692 4541 922 4625 existentibus,
940 4559 983 4606 ex
998 4561 1090 4609 mera
1107 4542 1226 4609 libera-

97 4648 208 4733 litate,
231 4650 266 4716 et
284 4651 376 4715 eertu
394 4645 622 4717 munifioeueia
637 4647 790 4732 Reginoli
805 4647 913 4718 eidem
929 4647 1077 4716 lloelesie
1093 4647 1226 4734 Vespri·
