3142 5170
799 345 961 448 Q„

316 543 495 631 perducere
511 541 556 611 ad
573 542 733 612 ellectum.
744 542 799 609 lld
813 542 874 610 bec
886 541 1021 627 quidem
1035 543 1238 612 stabilienda
1254 551 1288 611 et
1303 543 1437 612 effectui

315 651 555 736 demandanda,
574 651 614 718 de
631 650 800 719 uoluntate
824 653 972 738 parcium
988 653 1209 740 predictarum
1225 653 1357 721 nobiles
1373 652 1436 720 viri

316 761 439 831 domini
449 762 544 848 liugn
561 760 604 829 de
618 760 739 849 Dnyno
754 766 789 827 et
803 759 949 828 lacobus
965 760 1176 849 deitagcnia
1190 781 1249 848 pre
1267 768 1363 850 parte
1379 763 1435 830 do-

315 873 394 940 mini
418 871 554 940 Ocmitis
578 869 722 959 predicti
746 869 782 939 in
806 871 951 939 animam
966 871 1071 959 ipsius
1088 869 1243 956 (inmitis,
1259 877 1293 938 et
1305 872 1435 956 egregij

315 979 377 1048 viri
393 979 514 1048 demini
524 979 711 1048 Albertinns
722 979 918 1047 llaurcceno
932 980 1140 1066 supradictus
1157 981 1347 1050 etMerinus
1357 981 1436 1048 Pas·

317 1088 469 1172 qualique
485 1108 544 1174 pro
561 1093 656 1172 parte
671 1085 811 1174 predicti
830 1087 953 1156 domini
978 1089 1078 1155 Ducis
1103 1089 1137 1155 in
1162 1089 1306 1156 animam
1332 1089 1438 1174 ipsine

306 1197 438 1265 domini
452 1197 565 1282 Ducis,
590 1215 688 1284 snper
713 1197 820 1266 altare
844 1196 983 1284 predicti
1009 1197 1123 1266 Sancti
1138 1197 1313 1275 iohannis,
1340 1198 1437 1264 tactis

309 1306 419 1374 -Gruee
444 1314 478 1373 et
500 1306 595 1388 libro,
611 1305 655 1374 ad
670 1305 794 1374 Sancta
818 1301 882 1373 Dei
898 1306 1082 1392 Euangelia
1108 1308 1307 1392 iurauerunt,
1327 1307 1436 1375 emnia

316 1435 379 1499 que
397 1413 484 1482 dicta
500 1421 575 1483 snut
591 1415 721 1483 effectui
735 1413 945 1500 mancipare,
962 1423 995 1483 et
1010 1416 1116 1482 eciam
1142 1416 1174 1483 in
1191 1416 1369 1483 animabus
1387 1433 1437 1480 eo-

318 1545 388 1594 rnm
400 1525 597 1611 jnrauerunt
613 1523 695 1591 dare
714 1543 810 1612 opem
827 1531 860 1590 et
875 1543 1009 1610 operam
1026 1543 1086 1610 pro
1103 1541 1211 1608 posse,
1228 1523 1317 1607 qnod
1333 1522 1438 1608 predi·
1549 1533 1550 1542 ³

315 1642 402 1703 ctum
427 1633 667 1702 matrimonium
684 1633 843 1719 legittime
869 1639 1095 1716 consumetnr3
1113 1640 1144 1697 et
1159 1632 1203 1699 ad
1220 1651 1357 1716 qnorum
1375 1630 1438 1697 eui-

315 1742 468 1811 denciam
485 1742 688 1810 etmaiorem
705 1741 920 1808 stabilitatem
936 1742 1100 1827 predictus
1115 1741 1265 1808 dominus
1282 1741 1437 1808 Albertns

315 1852 443 1937 comes,
455 1859 487 1917 et
504 1851 612 1918 dictus
628 1847 778 1920 dominns
794 1850 982 1918 Albertinue
992 1849 1189 1917 Maurocenc
1206 1850 1289 1931 uice,
1305 1848 1438 1915 nomine

317 1965 351 2027 et
364 1961 437 2027 loco
452 1957 594 2046 predicti
610 1957 732 2024 demini
747 1955 852 2026 Ducis
868 1955 1016 2024 lecerunt
1032 1974 1167 2042 presens
1184 1956 1437 2023 instrumentum
1549 2027 1550 2036 χ

317 2066 499 2153 sigillorum
514 2085 644 2133 suerum
660 2063 875 2150 pendencinm
899 2065 1075 2131 munimine
1090 2065 1247 2132 reborari.
1273 2064 1318 2130 Et
1343 2065 1437 2132 huius

316 2175 439 2243 tenoris
453 2175 673 2242 instrumenta
686 2173 751 2240 duc
768 2179 861 2258 sunt,
888 2193 1026 2256 quornm
1052 2173 1200 2260 parcium
1217 2174 1437 2260 predictarum

318 2285 464 2368 quelibet
478 2282 578 2350 hebet
596 2299 703 2367 vnum,
720 2281 871 2349 confecta
886 2301 945 2367 per
966 2301 1019 2349 me
1035 2283 1252 2369 subscriptum
1267 2283 1437 2350 Notarium
1549 2345 1550 2352 ,

318 2401 349 2459 et
373 2392 590 2480 subscriptum
614 2409 675 2478 per
700 2385 879 2456 Ottolinnm
904 2389 945 2456 dc
969 2390 1170 2474 tustinopoli
1196 2390 1391 2476 Notarium,
1407 2397 1439 2455 et

319 2501 469 2568 contecta
492 2519 551 2585 per
575 2497 694 2565 dictum
720 2495 897 2565 Ottolinnm
925 2497 966 2564 de
990 2496 1193 2584 Jnrtinopnli
1220 2500 1392 2566 Notarium
1409 2505 1439 2565 et

319 2609 535 2695 subscriptum
551 2627 609 2692 per
624 2627 676 2674 me
691 2607 835 2674 Marcum
855 2607 969 2675 Sibctn
996 2609 1236 2691 infrascriptum
1252 2605 1437 2672 Notarium.

424 2714 576 2804 (Jegyadi
588 2718 686 2805 jegy)
714 2717 783 2802 ligo
800 2715 931 2783 Marcus
956 2715 1088 2800 Sibcto,
1105 2715 1273 2801 Imperiali
1299 2713 1435 2782 anctori-

318 2835 388 2893 tate
402 2826 556 2894 tharins
572 2833 605 2893 et
620 2823 756 2893 Ducalis
772 2827 848 2892 aule
863 2825 1007 2893 Veneeie
1022 2825 1143 2908 scriba,
1160 2824 1321 2908 predictis
1338 2825 1436 2892 emni-

319 2937 382 3002 bus
397 2934 528 3001 interfui
544 2942 577 3001 et
591 2941 723 3016 rogatus
740 2934 857 3018 scripsi
882 2953 921 2998 ac
946 2953 1019 3000 meo
1046 2933 1140 3018 signo
1161 2933 1260 3002 solito
1276 2933 1437 3001 roborari.

428 3041 580 3130 (Jegyzti
592 3041 690 3130 jegy)
707 3044 778 3128 Ego
796 3042 945 3109 Otnlinus
956 3043 1263 3127 Justinepolitanus,
1273 3042 1441 3128 imperiali

320 3154 513 3221 anctoritate
528 3151 706 3235 Notarius,
730 3151 794 3219 biis
819 3151 971 3236 interibi,
997 3156 1031 3218 et
1054 3157 1190 3236 rogatus
1217 3151 1366 3219 scribere
1389 3169 1440 3217 me

320 3262 509 3350 subscripsi.

321 3457 478 3532 (Eredetie,
488 3457 608 3528 melytdl
618 3455 670 3515 ket
679 3454 869 3530 pecsdtt'tlgg,
889 3474 908 3512 a
917 3454 997 3514 becci
1007 3455 1081 3514 cul.
1092 3454 1181 3510 titlros
1190 3454 1386 3513 levdlttlrban.
1396 3455 1444 3510 Ki-

323 3549 392 3606 adta
409 3547 598 3605 Firnhabera
616 3545 699 3606 becci
717 3565 756 3603 ca.
779 3547 931 3604 academia
952 3546 1129 3604 Archirnma
1142 3546 1175 3600 ll.
1188 3545 1350 3604 kdtcteben
1369 3545 1445 3602 Beer

778 3637 931 3694 raanan.
945 3632 982 3707 1.)

754 3933 953 3942 κ-..-...-.....--
