3142 5164
611 343 771 448 Q
905 300 907 304 ,

124 557 226 623 quam
243 547 398 610 exoratus
424 541 499 627 pius
527 539 640 630 opifex
654 541 753 610 Jesus
769 542 919 612 Christus
936 545 1039 614 multa
1055 543 1256 614 miraculose

123 647 283 734 prodigia
307 655 464 736 operatur
489 651 523 718 in
549 651 712 736 gentibus,
732 657 766 719 et
782 652 884 738 signis
901 653 1109 722 evidentibus
1124 654 1255 743 plebem

122 757 157 823 in
172 757 240 826 fide
263 757 453 828 corroborat
471 767 503 826 et
521 757 713 845 confirmat;
740 779 841 848 super
856 763 949 848 cnjus
965 760 1096 847 quidem
1122 763 1254 830 eanoni-

122 863 255 932 natione
279 866 395 952 votive
418 867 462 935 ad
486 867 677 935 instantiam
706 867 823 957 inclyti
848 869 950 956 Regis
967 869 1139 959 praedicti,
1157 871 1254 957 cujus

120 973 252 1042 litteras
279 991 378 1063 super
402 995 442 1042 eo
466 975 665 1063 recepimus,
683 996 750 1044 una
766 996 840 1044 cnm
856 977 929 1064 ipso
945 979 1183 1047 Paternttatem
1199 999 1254 1048 ve-

119 1087 226 1150 stram
242 1083 425 1168 piissimam
441 1081 556 1150 humili
572 1103 671 1171 prece
688 1085 918 1172 deposcimus,
935 1091 970 1154 et
984 1085 1122 1168 devota,
1140 1093 1253 1171 quate·

119 1209 184 1258 nus
200 1189 351 1275 ejusdem
367 1197 505 1260 sanctae
521 1193 754 1277 Margarethae
770 1195 927 1282 Virginis,
938 1215 1024 1280 quae
1039 1194 1143 1264 veluti
1158 1215 1253 1282 prae·

119 1297 253 1383 fulgida
269 1299 450 1386 margarita
466 1301 500 1368 in
517 1303 614 1371 terris
631 1304 806 1373 choruscat
822 1305 1001 1391 miraculis,
1018 1305 1172 1390 gloriosis
1187 1325 1253 1372 me

118 1407 195 1474 ritis
211 1411 396 1497 provocati,
412 1410 522 1497 ipsam
538 1411 720 1499 dignemini
748 1413 924 1500 cathalogo
941 1413 1134 1481 Sanctorum
1151 1413 1252 1483 aseri·

118 1517 210 1603 bere,
227 1518 403 1604 condignis
420 1541 441 1588 a
459 1520 581 1609 populo
602 1541 662 1608 per
678 1522 792 1592 muudi
809 1522 943 1590 climata
959 1523 1082 1590 honore
1098 1525 1131 1591 et
1146 1521 1252 1610 glorie

116 1625 355 1696 venerandam.

172 1820 390 1898 (normanno,
404 1823 501 1882 Codex
514 1826 692 1899 Epistolaris
706 1827 832 1886 Budolfo
845 1827 866 1884 1.
879 1828 960 1885 Rom.
975 1828 1073 1902 Regis.
1088 1828 1150 1886 102.
1163 1827 1196 1901 l.)

577 2128 794 2140 Ἣ-

109 2861 141 2926 Ι.
159 2853 293 2942 Redotf
302 2858 518 2922 remei-comet
534 2857 643 2945 kirdly
659 2857 727 2927 III.
743 2860 864 2927 Mittor
876 2859 1032 2944 pa‘pdcolc
1048 2855 1246 2924 Jocoro-oc·

107 2967 171 3032 dar·
174 2963 690 3053 prepostot,lrieze'kec;feheruttr*i
696 2969 888 3056 proportant
897 2969 1109 3048 vdloeztatott,
1119 2962 1246 3053 ojdrrlja

630 3077 730 3144 1278.

222 3274 372 3342 Goelesti
397 3273 645 3360 dispensatione
669 3275 746 3360 ipsa
771 3293 854 3343 roce
880 3271 1057 3341 Dominica
1087 3279 1245 3356 tanquam

109 3383 271 3454 vicarius
286 3383 370 3453 Jesu
385 3383 508 3453 Ohristi
533 3385 567 3451 in
582 3383 801 3451 ministerium
817 3382 1060 3452 Scorosanctae
1076 3383 1168 3448 Rom.
1185 3380 1244 3446 Ec

105 3491 238 3560 clesiae
254 3489 432 3576 informati,
450 3491 600 3562 alumnos
617 3491 765 3578 ejusdem
782 3491 906 3577 matris,
924 3499 956 3559 et
972 3489 1172 3579 praecipuos
1189 3510 1241 3556 ze·

103 3603 236 3669 latores
252 3600 376 3668 decens
394 3605 454 3684 est,
470 3599 604 3684 licitum,
622 3607 656 3668 et
672 3599 866 3684 expediens,
885 3622 906 3668 a
923 3601 1045 3668 Vestra
1061 3597 1245 3666 Sanctitate

104 3709 230 3777 favore
255 3707 414 3794 prosequi
439 3707 600 3794 speciali,
620 3713 653 3776 et
670 3727 727 3774 eos
743 3709 777 3774 in
794 3707 919 3794 gradus
936 3706 1120 3776 devotionis
1137 3706 1242 3775 inten-

104 3821 190 3886 dere
207 3817 348 3900 altioris,
367 3835 450 3902 quos
467 3817 651 3902 perspicuis
665 3816 799 3884 iudiciis
819 3817 993 3886 sinceritas
1019 3821 1152 3884 actuum
1168 3834 1242 3883 coa-

108 3928 264 3995 lescente
290 3924 367 3993 fidei
392 3924 519 3992 unitate
544 3924 631 3992 intcr
657 3932 808 3993 materna
834 3945 964 4010 semper
980 3927 1084 3993 ubera
1099 3923 1244 3992 feliciter

103 4033 334 4104 conservarit.
360 4032 442 4100 Gom
469 4033 580 4118 itaque
601 4029 750 4102 Illustrcs
766 4035 874 4120 Reges
891 4032 1058 4118 Vngariae
1073 4031 1170 4099 tidem
1186 4031 1244 4100 do-

103 4141 242 4210 minicis
258 4141 359 4208 labiis
376 4141 605 4227 praedicatam
621 4163 642 4211 a
668 4140 737 4208 suis
763 4141 887 4210 sanctis
913 4141 1178 4228 progenitoribus
1195 4145 1243 4208 te·

101 4251 243 4319 nuerint
268 4249 414 4317 fideliter
440 4256 474 4317 et
498 4251 696 4337 observent,
722 4257 756 4319 et
781 4252 944 4321 funiculos
964 4251 1097 4320 tentorii
1113 4251 1167 4320 eui
1184 4269 1244 4334 per

101 4357 317 4448 amplissima
333 4365 430 4426 rasta
453 4365 613 4428 terrarum
637 4361 723 4428 inter
738 4360 996 4429 scismaticorum
1013 4365 1047 4427 et
1062 4358 1238 4445 gentilium

99 4465 347 4556 ampliaverint
363 4465 528 4553 nationes,
545 4487 587 4535 ac
603 4469 784 4537 normsime
801 4469 996 4536 karissimus
1016 4471 1126 4536 noster
1141 4465 1241 4548 filius,

98 4584 135 4643 et
163 4575 387 4663 inseparabili
411 4593 524 4643 amore
538 4576 635 4643 nobis
662 4577 866 4663 conjunctus,
893 4575 1045 4644 dominns
1063 4573 1241 4642 Ladislaus

97 4682 254 4751 illustris
281 4683 353 4750 Rex
378 4681 549 4768 Vngariae
576 4679 751 4750 devotione
768 4683 846 4750 fidei
874 4691 907 4750 et
932 4680 1117 4750 reverentia
1145 4677 1239 4746 Sedis
