3116 5166
114 1151 185 1238 Epy
200 1150 336 1218 aeotelea
347 1153 473 1238 propes
491 1151 520 1220 1.
537 1148 668 1238 Badais
672 1149 1065 1238 edredi-admetirirdlyboa,
1075 1171 1113 1215 aa
1127 1147 1236 1216 aanor

114 1259 238 1348 iedayo,
262 1258 469 1344 Illemeatiao,
501 1263 533 1328 da
556 1259 862 1330 Mesaioaooiai
884 1257 1009 1347 bescaep
1025 1258 1109 1324 tuat
1123 1258 1236 1348 eip'epy·

389 1370 438 1434 aes
452 1369 552 1434 irdrrta'
567 1369 682 1435 b'rdordt
689 1365 845 1456 fejerilri.
861 1367 959 1434 1276.

221 1568 301 1636 Cum
326 1568 470 1636 Romani
496 1569 603 1655 Regni
630 1567 710 1635 ielix
725 1565 948 1653 prosperitas,
966 1571 999 1632 et
1014 1567 1158 1651 regeniis
1172 1566 1235 1633 Iru-

111 1671 240 1762 pcrium
264 1677 404 1744 Romani
430 1677 531 1759 Regis
557 1673 726 1762 magnifici
751 1675 942 1763 prosperari
970 1674 1066 1744 nobis
1092 1675 1234 1744 felicitas

112 1785 280 1852 nuntiator
288 1835 299 1870 ,
324 1785 477 1854 ubertate
492 1786 630 1854 mirifica
649 1786 869 1870 foecundata,
895 1785 1075 1852 succrescit
1089 1785 1124 1852 in
1139 1785 1234 1853 nobis

110 1888 253 1958 materia
267 1892 485 1980 gaudiorum,
513 1900 546 1959 ct
564 1893 704 1962 dirersis
723 1892 883 1978 angustiis
900 1897 1110 1979 angustatum
1125 1892 1159 1958 in
1175 1892 1235 1958 lic·

109 2001 235 2069 clesiae
261 2005 394 2070 nostrae
419 2003 675 2071 adversitatibus
691 2009 807 2087 pectus
824 2007 986 2088 nostrum,
1001 2000 1100 2068 laetis
1115 2001 1234 2068 vestris

109 2109 319 2178 successibus
344 2111 539 2198 ampliatum
556 2113 722 2197 poscitur,
751 2111 833 2178 etin
860 2117 1015 2196 quantum
1031 2115 1162 2178 restrae
1178 2128 1235 2194 pc·

108 2219 237 2285 tentiae
261 2219 399 2285 brachia
427 2218 574 2287 dilatatis
600 2219 754 2287 funiculis
778 2219 894 2286 virium
912 2218 1010 2286 latins
1026 2217 1232 2302 roborantur,

108 2327 141 2393 in
158 2333 286 2394 tantum
295 2334 408 2395 nostra
423 2323 620 2418 praecordis
629 2329 888 2397 redundantibus
903 2327 1035 2414 gaudiis
1051 2325 1151 2394 altius
1168 2326 1232 2394 ele·

106 2443 190 2504 vata
219 2437 394 2522 respirant
419 2437 473 2503 Illi
498 2443 609 2506 tamen
634 2439 705 2505 Dec
731 2436 895 2505 altissimo
912 2435 1032 2522 dignae
1048 2433 1233 2504 devotionis

105 2543 319 2632 rependimus
343 2546 489 2632 gratias,
517 2547 572 2630 qui
596 2547 631 2614 in
647 2548 743 2616 vobis
758 2547 879 2614 virtute
895 2565 975 2613 sace
990 2545 1157 2632 potentiae
1174 2543 1237 2608 mi·'

104 2653 322 2720 sericorditer
338 2660 492 2740 operatur
507 2673 559 2721 res
576 2653 659 2722 adeo
675 2655 862 2740 gratiosas,
879 2653 936 2722 ubi
951 2653 1059 2731 ctiam,
1076 2652 1165 2736 quod
1175 2649 1232 2716 bn·

102 2781 228 2829 manac
253 2761 405 2830 modulus
431 2761 600 2831 facultatis
617 2761 751 2830 difficile
767 2769 800 2830 et
815 2763 904 2830 velut
919 2760 1124 2849 impossibile
1139 2779 1233 2846 repu-

100 2877 164 2952 tat,
182 2870 375 2938 moderator
390 2871 452 2937 alti
469 2871 597 2938 consilii
612 2871 674 2937 Dei
691 2871 778 2939 filius
795 2873 828 2935 in
846 2871 988 2955 negotiis
1003 2867 1124 2936 vestris
1140 2869 1231 2935 sacili

97 2979 245 3046 levitate
260 2977 449 3062 modificat,
465 2977 602 3064 perficit,
621 2986 653 3046 ct
669 2985 850 3046 oonsnmat.
867 2981 955 3047 Saue
971 2997 1072 3065 saper
1086 2996 1230 3063 sponsa-

97 3087 194 3154 libus
208 3087 294 3153 inter
311 3087 487 3156 Dominam
504 3096 659 3174 nostram,
675 3088 780 3155 filiam
794 3095 939 3157 vestram
950 3083 1229 3175 (clementinam),

96 3203 132 3263 et
148 3195 316 3262 illustrem
342 3197 528 3282 Principem
552 3197 593 3264 N.
615 3193 809 3285 (Andream)
826 3195 1161 3278 DuoemSlavouiae,
1187 3195 1229 3258 de

95 3323 270 3372 consenso
297 3305 500 3374 sanctissimi
517 3307 624 3373 Patris
639 3307 743 3374 nostri
760 3312 793 3372 et
809 3303 964 3389 Domini,
982 3305 1121 3372 Sanctae
1136 3303 1228 3368 Rom.

93 3413 281 3481 Ecclesiae
297 3411 421 3481 Summi
436 3413 602 3482 Pontificis
619 3413 829 3482 laudabiliter
854 3412 1012 3481 ordinatis
1029 3409 1143 3478 laudes
1159 3430 1229 3476 om-

93 3521 267 3607 nipotenti
282 3519 355 3589 Deo
370 3521 553 3609 referimus,
571 3542 610 3590 eo
626 3523 714 3607 quod
724 3523 769 3592 ad
781 3522 1045 3590 sublimationem
1058 3519 1154 3588 Sacri
1165 3519 1227 3585 Im-

90 3628 191 3714 perii
208 3627 322 3695 foedus
338 3627 524 3714 hujusmodi
542 3631 709 3700 amicitiae
718 3629 857 3700 feliciter
873 3631 1051 3699 duraturae
1067 3625 1229 3694 credimus

88 3745 128 3804 et
144 3755 325 3825 speramus
341 3735 507 3806 Dirinitus
523 3737 713 3807 adunatum.
737 3741 775 3807 In
791 3759 855 3825 qua
870 3745 1004 3827 sperata
1019 3737 1141 3805 diutius
1155 3735 1228 3803 uni·

90 3863 164 3912 one
184 3844 368 3914 divisiones
384 3851 415 3912 et
432 3846 613 3917 schismata
622 3839 734 3934 ,quae
750 3849 908 3918 adversus
923 3847 1061 3916 Romani
1077 3845 1228 3914 culminis

84 3971 205 4022 unum
220 3957 321 4039 caput
335 3971 373 4021 ae
389 3955 523 4024 elevant
538 3963 571 4024 et
587 3958 759 4044 extollunt,
771 3957 946 4026 deficiente
962 3977 1021 4042 spe
1036 3973 1228 4024 roccacon-

83 4067 273 4130 vertentur
297 4059 343 4129 ad
366 4081 564 4153 vesperam,
589 4072 626 4133 ut
640 4065 780 4136 adorent
794 4065 934 4153 vestigia
949 4065 1038 4152 regis
1052 4063 1226 4150 magnifici,

80 4191 200 4256 quem
227 4171 454 4256 magnificavit
478 4155 659 4244 altissimos
684 4175 719 4243 in
745 4175 877 4246 sublimi
900 4175 982 4245 solio
1013 4172 1224 4243 monarchiae

79 4277 303 4352 confirmans
319 4285 352 4350 ct
366 4281 526 4352 roborans
544 4283 692 4370 Regnum
708 4285 789 4371 ejus.

479 4460 642 4531 (Bcdmanu
660 4461 699 4520 id.
711 4479 748 4520 ur.
761 4464 805 4521 28.
817 4460 851 4535 l.)

534 4734 803 4756 m
