3116 5166
579 261 869 406 *El—q.

90 507 123 574 in
151 503 331 574 desideriis
355 503 479 573 uostris
504 505 643 592 geritur,
660 509 695 570 ut
710 503 871 572 submotis
888 501 1133 589 impedimentis
1151 505 1220 591 qoi-

91 614 235 684 buslibet
250 613 440 682 hniusmodi
455 614 793 702 negotiaprosperum
807 619 1049 697 consequentur
1060 613 1221 683 effectum.

91 723 206 802 Quare
223 721 425 791 fraternitati
440 729 495 789 tue
512 721 713 810 presentium
730 720 930 789 auctoritate
947 723 1168 806 concedimus,
1187 733 1222 792 ut

94 831 303 914 evectiones,
331 836 411 914 quot
436 830 620 898 commissis
645 829 707 896 tibi
731 829 874 915 negotiis
899 828 1022 896 videris
1051 831 1217 916 expedire,

91 941 214 1008 ducere
238 939 345 1006 libere
369 941 507 1022 valeas,
535 939 771 1008 constitutione
797 935 970 1007 Generalis
995 937 1135 1007 Consilii
1157 961 1222 1007 non

90 1049 255 1116 obstante.
272 1047 394 1114 Datum
412 1047 551 1114 viterbii
567 1048 610 1114 X.
626 1046 795 1115 Kalendas
813 1044 986 1131 Octobris,
1014 1043 1225 1115 Pontificatus

90 1155 195 1223 nostri
211 1175 300 1223 enno
316 1154 433 1240 primo.

193 1347 253 1422 (111.
267 1349 375 1406 Milrlds
388 1348 465 1422 pdpa
477 1347 680 1424 Regosttibcl,
694 1349 823 1406 Theiner
837 1347 875 1403 id.
889 1366 924 1402 m.
942 1347 961 1404 l.
974 1349 1003 1404 k.
1017 1347 1079 1405 333.
1094 1347 1127 1422 1.)

527 1639 797 1648 W

639 2177 685 2242 84

90 2389 150 2474 27)
162 2387 194 2454 A
199 2394 295 2478 pcipe
313 2390 662 2478 Fttlb'p'o'tfeljopoettjc,
679 2393 756 2478 lropy
773 2415 793 2455 a
808 2393 873 2456 uzol
889 2413 957 2462 usur
966 2391 1222 2477 jbqodceeerae-

240 2497 350 2564 teselcet
366 2497 496 2584 epybdzu'
509 2498 811 2586 deducemcayeilrtdl
825 2496 1079 2584 mepfosztluaseu.

198 2712 357 2780 Nicolans
383 2713 572 2800 Episcopus
598 2732 715 2780 seruus
741 2732 909 2782 seruorum
935 2714 1007 2801 Dei,
1034 2716 1224 2788 venerabili

88 2818 187 2888 fratri
204 2821 359 2906 Philippo
379 2820 546 2906 Episcopo
570 2821 720 2888 Firmano
748 2821 942 2906 Apostolice
967 2822 1065 2892 Sedis
1092 2823 1219 2908 Legato

88 2931 234 2999 salutem
261 2936 294 2994 et
308 2930 533 3013 Apostolicom
558 2929 834 2999 benedictionem.
852 2931 932 2999 Oum
948 2937 981 2996 te
997 2931 1042 2997 ad
1058 2929 1220 3016 Ungarie,

88 3037 253 3118 Polonie‚
270 3037 456 3119 Dalmatis,
473 3035 605 3104 Oroatis
615 3086 624 3120 ,
641 3038 743 3103 Reme
752 3085 762 3121 ,
789 3038 915 3120 Seruis,
930 3039 1136 3120 Ludomerie,
1155 3039 1221 3106 Ga·
1313 3125 1318 3132 .

88 3147 164 3214 litis
191 3151 224 3212 et
240 3144 399 3212 comanis
415 3150 549 3230 partes,
571 3145 631 3210 tibi
648 3145 823 3213 commisso
849 3144 931 3212 inibi
956 3149 1055 3230 plene
1081 3145 1217 3230 legatio-

88 3257 144 3321 nis
172 3251 303 3334 officio,
329 3271 388 3337 pro
414 3253 605 3336 urgentibus
631 3258 663 3318 et
687 3253 802 3322 arduis
827 3253 968 3336 negotiis
995 3255 1203 3321 destinemus

88 3364 123 3428 in
153 3359 332 3429 desideriis
358 3361 481 3428 nostris
508 3360 644 3444 geritur,
666 3366 702 3426 nt
718 3359 877 3428 submotis
894 3359 1135 3447 impedimentis
1152 3362 1221 3446 qui·

87 3469 239 3536 buslibet
255 3468 442 3534 huiusmodi
452 3469 587 3552 negotia
597 3487 791 3554 prosperum
808 3474 1048 3552 consequantur
1058 3469 1219 3554 effoetum,

86 3575 251 3664 privandi
277 3577 442 3660 quoslibet
467 3576 655 3661 Religiosos
682 3575 912 3660 cuiuscumque
938 3578 1080 3661 ordinis,
1098 3578 1153 3662 qui
1168 3597 1221 3645 sn-

87 3706 155 3774 per
172 3683 250 3770 hiis,
267 3703 330 3767 que
346 3691 499 3772 spectant
515 3683 561 3751 ed
578 3691 632 3750 tue
648 3683 825 3768 legationis
842 3681 1003 3768 officium,
1020 3691 1053 3751 et
1068 3685 1145 3751 aliis
1162 3683 1221 3752 tibi

86 3794 281 3864 commissis
298 3812 319 3859 a
334 3801 367 3860 le
384 3792 497 3860 moniti
514 3792 678 3859 mendatis
694 3794 759 3860 tuis
775 3792 925 3877 plenarie
945 3812 1061 3878 parere
1079 3799 1220 3859 contem·

86 3903 233 3992 pserint,
250 3901 401 3968 omnibns
419 3899 634 3984 indulgentiis
652 3906 684 3966 ct
699 3898 885 3986 privilegiis
902 3901 950 3966 eis
967 3901 1010 3969 eb
1027 3902 1223 3988 Apostolice

86 4011 183 4082 Sede
210 4009 399 4094 concessis,
416 4007 615 4074 fraternitati
632 4014 688 4075 tue
706 4007 839 4093 plenem
855 4008 1063 4106 concedimus
1080 4011 1221 4075 anctori-

82 4127 160 4189 tate
188 4118 393 4206 presentium
424 4121 634 4202 potestatem.
660 4115 782 4183 Datum
808 4115 948 4184 Viterbii
973 4117 1015 4183 x.
1045 4117 1219 4185 Kelsndes

81 4227 257 4296 Octobris.
275 4225 491 4295 Pontificatns
508 4227 611 4294 nostri
627 4243 713 4292 anno
730 4225 846 4310 primo.

188 4420 254 4492 (lll.
267 4420 374 4478 Miller
387 4419 466 4494 plpu
478 4419 818 4494 spectatissimorum
831 4419 869 4476 id.
882 4437 917 4474 ru.
934 4417 955 4472 l.
970 4419 999 4474 k.
1012 4419 1074 4478 384.
1088 4418 1120 4492 l.)
