3154 5166
611 325 752 430 aa

126 516 236 590 Rosne
251 513 410 609 partibus,
426 527 582 606 tanquam
600 523 694 609 pacis
712 525 863 609 angelum
880 511 1095 608 destinamus,
1109 513 1173 592 sibi
1189 537 1248 608 per

127 632 213 698 alias
229 633 355 699 litteras
370 637 500 700 nostras
518 630 680 715 iniuncto,
697 639 734 698 ut
748 632 777 700 ei
793 632 925 699 Tantam
934 681 943 717 ,
960 633 1144 711 sarraceni,
1161 634 1248 700 Nen-

124 738 208 826 gerii
219 745 252 807 et
260 742 384 826 pagani
393 739 523 826 prefati,
535 758 612 809 enos
629 748 767 810 conatus
783 738 961 827 nepharius
977 747 1090 836 contra
1106 738 1184 808 ndei
1195 762 1246 810 or·

126 846 270 918 tiedone
277 851 417 918 cultores
423 869 576 919 exercere
587 850 902 938 praesummas-intuo
911 849 1058 935 ipsorum
1068 849 1246 919 crudelitas

124 957 160 1023 iu
177 958 323 1026 eiusdem
334 958 413 1027 fidei
429 959 637 1046 dispendium
653 957 846 1043 invalescat,
862 956 1023 1027 adversus
1039 977 1096 1026 eos
1113 964 1147 1026 et
1161 959 1246 1026 alios

125 1064 324 1136 adherentes
341 1068 483 1149 eisdem,
509 1071 561 1136 vel
576 1072 669 1154 ipsos
686 1069 717 1134 in
735 1066 798 1136 hiis
814 1067 1059 1151 quomodolibet
1074 1066 1247 1136 consonam.

124 1185 195 1262 tes,
213 1179 446 1262 cuiuscumque
463 1161 698 1264 preminentia,
725 1177 896 1263 diguitatis
905 1227 914 1261 ‚
931 1183 1036 1246 status
1061 1183 1119 1247 aut
1134 1178 1245 1246 condi-

125 1284 225 1352 tionis
243 1287 427 1371 extiterint,
453 1305 493 1353 ac
519 1285 618 1354 etiam
645 1294 759 1356 contra
774 1287 945 1370 hereticos,
972 1287 1027 1370 qui
1043 1283 1085 1354 de
1101 1287 1244 1356 diversis

124 1395 237 1462 mnndi
253 1395 403 1480 partibus
428 1397 462 1463 in
478 1397 643 1464 nonnullis
658 1397 740 1464 locis
767 1415 826 1465 sue
845 1396 1004 1480 legationi
1020 1393 1186 1478 subiectis,
1203 1395 1245 1463 si·

126 1511 181 1572 ent
197 1505 365 1590 asseritur,
382 1511 615 1591 convenerunt,
632 1504 782 1574 omnibus
802 1502 922 1572 Christi
937 1501 1092 1571 fidelibus
1107 1524 1166 1592 por
1182 1507 1244 1576 Re·

125 1629 225 1692 gnum
241 1610 388 1697 Ungauie
413 1614 634 1698 supradictum
660 1635 700 1683 ac
725 1615 810 1682 alias
837 1613 925 1680 dicte
940 1611 1117 1696 legationis
1132 1623 1245 1698 partes

122 1739 185 1805 per
200 1741 257 1807 se,
274 1723 327 1790 vel
343 1742 402 1810 per
419 1723 517 1790 alium
535 1743 595 1792 seu
612 1725 696 1794 alios
723 1725 858 1793 verbum
875 1722 979 1791 crucia
1005 1721 1147 1791 sollicite
1171 1744 1243 1809 pro·

122 1847 250 1914 ponere
275 1827 427 1914 studeat,
454 1833 556 1900 etad
582 1851 652 1900 eam
678 1834 836 1919 promptis
863 1830 982 1900 animis
1010 1831 1244 1900 assumendam

122 1937 337 2006 christianum
361 1940 516 2026 populum
537 1941 714 2010 exhortari.
740 1943 906 2028 Rogamus
931 1948 993 2008 etc.
1012 1944 1094 2018 (mint
1108 1945 1243 2019 fennebb)

121 2064 227 2129 usque
251 2047 408 2116 laudibus
433 2049 622 2118 attolamus.
647 2049 768 2118 Datum
786 2051 876 2136 apud
897 2049 1018 2118 Urbem
1033 2049 1185 2117 Veterem
1200 2049 1244 2118 X.

120 2153 287 2224 kalendas
303 2145 668 2244 AugustiPoirtificatus
684 2159 787 2228 nostri
803 2177 889 2228 anuo
906 2158 1013 2227 tertio.

227 2351 288 2417 (IV.
301 2352 406 2412 Milies
418 2352 496 2428 pulpa
509 2353 707 2429 Regesttibdl,
721 2355 848 2414 Theiner
859 2356 898 2412 id.
912 2373 947 2412 ru.
961 2355 983 2412 L
995 2353 1025 2410 k.
1035 2353 1099 2413 866.
1113 2353 1145 2436 l.)

550 2651 807 2666 -t—-Q

643 3185 721 3254 237.

117 3381 180 3470 13)
193 3385 216 3448 Ι
220 3381 256 3451 V.
267 3381 386 3449 tuille
389 3388 481 3472 pcipe
490 3407 678 3473 upyuuazoa
687 3383 840 3472 tdrpybcu
852 3382 1016 3450 latodeboc
1026 3383 1067 3448 'aa
1075 3379 1244 3449 Bracata

521 3492 660 3560 boemiei
675 3489 842 3558 boeotiae.

231 3689 386 3758 Nicotaus
398 3691 581 3777 Episcopus
592 3709 706 3760 seruus
720 3709 885 3761 seruorum
902 3689 966 3757 Dei
981 3689 1145 3758 nobilibus
1162 3690 1240 3757 viris

117 3797 295 3883 Stephano
312 3803 345 3866 et
360 3797 476 3867 Brisde
485 3800 586 3866 Banis
596 3801 706 3867 Bosne
717 3801 859 3867 salutem
870 3804 902 3865 et
911 3797 1136 3884 apostolicam
1146 3797 1242 3864 bene-

117 3905 310 3974 dictionem.
321 3905 499 3992 Speremus
509 3903 652 3990 firmiter,
664 3909 751 3992 quod
762 3928 822 3976 vos
838 3915 993 3992 tanquam
1004 3903 1116 3972 fideles
1133 3904 1193 3971 lilii
1210 3911 1242 3972 et

119 4013 237 4082 devoti
253 4020 378 4082 mentes
396 4021 521 4082 vestras
537 4015 582 4083 ad
598 4014 735 4083 celestia
751 4013 917 4085 desideria
932 4015 1129 4102 dirigentes,
1157 4011 1240 4079 cirea

119 4124 182 4189 illa
198 4141 258 4189 uos
268 4129 439 4208 promptos
451 4131 484 4190 et
493 4129 630 4208 paratos
641 4124 797 4192 exhibere
814 4124 943 4207 curetis,
954 4143 1016 4208 que
1026 4141 1168 4210 superno
1178 4123 1245 4190 sint

118 4238 263 4317 accepta
274 4232 474 4318 crrnspectui‚
485 4232 601 4301 salutis
613 4241 720 4302 vestre
735 4232 916 4320 profectum
932 4233 1113 4320 respiciant
1127 4238 1160 4298 et
1169 4251 1245 4318 pro·

118 4343 238 4406 curent
251 4337 327 4407 fidei
343 4338 530 4409 Christiane
555 4341 740 4409 continuum
756 4341 998 4408 incrementum.
1016 4341 1107 4409 Sane
1123 4340 1166 4408 ad
1181 4361 1242 4409 au-

119 4445 279 4514 dientiam
304 4453 447 4516 vestram
472 4449 638 4518 eredimus
663 4450 868 4536 pervenisse,
891 4467 989 4531 quam
1004 4447 1244 4535 reprehensibi-

116 4555 197 4622 liter
213 4553 374 4623 baeteuus
391 4577 550 4642 quamque
564 4557 747 4642 inhoneste,
758 4557 836 4643 quin
846 4555 911 4626 imo
921 4558 1103 4642 periculose
1120 4577 1156 4625 ee
1171 4575 1243 4643 ges·

121 4663 205 4733 serit
220 4711 229 4731 .
247 4711 255 4731 .
272 4713 280 4729 .
296 4662 441 4752 Ungarie
456 4667 537 4753 Rex,
568 4667 623 4750 qui
649 4667 783 4736 vesanis
804 4666 968 4735 adherens
994 4663 1140 4734 consiliis
1166 4674 1198 4732 et
1222 4685 1243 4731 a

169 4789 439 4834 aerumnosarum.
453 4811 480 4822 -
493 4791 562 4834 ouer„
578 4789 598 4832 a
1041 4773 1085 4846 24
