3142 5164
115 1203 212 1270 Clarae
229 1202 351 1290 Clroqct
372 1206 423 1287 fia
438 1205 561 1290 Marpr't
577 1207 608 1270 έε
624 1202 730 1292 Appos
745 1203 909 1291 ozolpdloit
934 1206 1126 1272 Lclccioccnlc
1151 1232 1171 1272 a
1181 1232 1239 1294 po·

355 1314 463 1398 cecropi
478 1312 632 1398 kdptolcn
648 1314 721 1378 eliltt
736 1311 883 1398 benallja.
902 1315 1000 1378 1282.

217 1527 391 1593 Vniuersis
419 1525 541 1593 Christi
557 1525 710 1595 fidelibus
728 1533 898 1612 presentes
927 1527 1055 1598 litteras
1071 1531 1237 1619 inspectu-

108 1639 152 1704 ris
185 1635 381 1720 Capitulum
398 1635 612 1701 Posonicnsis
629 1635 780 1704 Ecclesie
797 1637 936 1703 salutem
959 1637 993 1704 in
1010 1639 1150 1706 onrniorn
1167 1641 1237 1708 Scl-

108 1753 233 1812 oatore.
252 1743 305 1810 Ad
321 1742 551 1810 voluersornm
568 1743 723 1809 noticiam
735 1749 849 1810 tenore
866 1745 1072 1828 presencium
1085 1749 1237 1818 uolumus

111 1852 305 1938 peruenire,
333 1851 421 1934 qnod
442 1853 627 1919 constitutis
655 1869 763 1916 coram
790 1853 886 1920 nobis
911 1854 1133 1938 personaliter
1148 1856 1239 1923 ana

107 1960 177 2028 lilio
195 1961 306 2028 Joran
322 1960 363 2026 rle
381 1959 511 2028 Corcha
527 1979 568 2026 er
584 1979 650 2025 una
665 1966 770 2044 parte,
781 1965 814 2024 et
829 1979 871 2026 ex
889 1960 997 2026 altera
1011 1963 1163 2044 quodam,
1182 1967 1237 2046 qul

105 2091 141 2135 so
159 2069 247 2136 dixit
263 2066 377 2136 uocari
394 2066 506 2134 Chone
523 2067 623 2134 filium
643 2067 772 2152 Ohngut
788 2069 829 2135 dc
845 2068 966 2152 Luchc,
984 2069 1076 2136 cuins
1091 2090 1238 2156 persona

104 2178 203 2244 nobis
222 2197 285 2242 non
306 2175 366 2242 luit
383 2177 467 2242 bene
484 2182 573 2262 nota,
598 2177 682 2244 siout
698 2176 906 2262 postmodnm
924 2175 1094 2244 certificati
1111 2179 1235 2248 fuimns

107 2287 150 2353 de
167 2286 319 2352 eiusdem
347 2304 492 2370 persona
517 2305 576 2372 per
602 2284 696 2352 Belid
718 2284 820 2350 lilium
837 2285 948 2350 Bonad
959 2333 969 2370 ,
998 2292 1030 2350 et
1048 2287 1181 2354 Turcha
1197 2287 1240 2354 de

104 2392 259 2478 Corcha,
288 2393 416 2460 nobiles
434 2395 473 2458 de
489 2393 655 2460 comitato
684 2393 899 2470 Posoniensi‚
927 2413 967 2458 ac
992 2411 1052 2478 per
1080 2393 1239 2464 Mathiam

103 2503 207 2569 filiurn
226 2503 378 2590 Hyrehul
401 2503 619 2588 jobagionenr
646 2503 748 2568 castri
765 2503 996 2588 Posoniensis5
1025 2503 1080 2587 qui
1107 2504 1239 2587 quidem

102 2609 221 2678 Ghene
239 2615 291 2678 est
306 2610 479 2676 consessus
505 2609 639 2676 oraculo
665 2608 740 2676 niue
758 2607 859 2689 nocis,
884 2611 974 2692 qnod
991 2610 1063 2694 ipse
1081 2610 1162 2677 duas
1179 2631 1237 2678 an-

102 2721 203 2785 cillas
221 2739 300 2786 suas
318 2718 512 2804 caprinas,
538 2721 761 2800 Margaretarn
784 2721 818 2782 et
835 2717 947 2802 Agnes
964 2723 1111 2800 vocatas,
1128 2717 1237 2786 eciam

99 2847 219 2893 coram
237 2828 331 2893 nobls
357 2826 579 2912 personaliter
605 2831 847 2909 conparentes‚
875 2832 907 2892 et
930 2845 967 2892 sc
994 2843 1068 2890 esse
1093 2826 1236 2893 ancillas

98 2937 213 3021 ipsius
232 2937 321 3003 Ocnc
338 2955 422 3022 pore
433 2934 633 3018 confitentes,
652 2935 801 3020 prediolo
819 2934 907 3001 Luce
923 2956 983 3020 pro
995 2935 1136 3019 quinque
1153 2955 1237 3002 mar·

98 3049 146 3111 cis
166 3044 399 3120 vendidisset,
426 3063 508 3127 quas
526 3043 659 3127 quidem
674 3045 815 3126 quinque
832 3061 960 3108 marcas
980 3043 1067 3109 idem
1089 3043 1177 3110 (lene
1194 3043 1237 3109 ab

99 3153 174 3237 ipso
194 3151 291 3216 Luca
308 3153 395 3218 dixit
412 3171 448 3216 se
465 3154 631 3236 recepisse
648 3150 801 3235 plenarie
817 3157 849 3216 et
867 3151 1005 3232 habere,
1020 3149 1174 3234 obligans
1191 3167 1236 3232 se,

101 3261 194 3345 quod
214 3279 280 3327 nec
295 3259 380 3327 idern
400 3259 506 3342 Cone,
533 3279 593 3325 neo
618 3260 668 3326 sui
686 3257 817 3340 cognati
835 3256 1001 3344 predictas
1027 3257 1171 3324 ancillas
1196 3255 1238 3321 ab

101 3369 225 3436 ecdern
246 3371 338 3434 Luca
364 3367 432 3435 ullo
443 3387 587 3450 unquam
604 3374 750 3451 ternpore
761 3370 917 3450 poterunt
931 3382 1098 3432 reuocare.
1117 3365 1236 3431 Dalorn

97 3480 130 3542 in
151 3476 277 3560 vigilia
294 3477 408 3543 Sancti
421 3475 595 3560 Laurencij
613 3495 700 3541 anno
712 3471 844 3542 Domini
861 3472 910 3538 lll⁰
921 3470 992 3539 00⁰
1009 3469 1237 3556 octuagesimo

91 3587 271 3654 secundo.

454 3655 893 3756 nno'n

211 3891 329 3957 Jopyset.
351 3887 394 3942 An
408 3885 523 3942 Amado
537 3884 643 3959 grofok
656 3880 806 3939 csalllkiini
819 3877 1015 3937 levclttrtbtl
1027 3876 1151 3934 masella
1163 3875 1236 3931 Hor-

91 3978 145 4038 vrlt
158 3975 284 4036 Istvin.
306 3966 388 4045 Erip.

538 4183 584 4192 ρ.
593 4177 793 4188 .....-..-..--.---=-·-
