3156 5158
601 274 715 375 ΑΙ..
755 363 762 370 .

119 481 172 542 otn
189 474 341 542 discretio
358 479 469 542 vestra
482 473 586 555 nobis,
599 472 685 557 quod
697 470 917 540 necessarium
928 471 1130 552 arbitramur,
1142 467 1238 534 valde

120 605 235 652 carere
251 583 415 669 dignetur.
432 582 554 651 Datum
569 583 675 650 XVII.
693 582 768 650 Kal.
785 581 943 650 tannarii.

225 693 385 772 Quoniam
403 691 475 758 dies
492 692 568 758 mali
584 689 717 757 suntad
734 689 890 758 instantis
908 688 1062 774 temporis
1072 685 1237 756 maliciam

117 802 352 886 redimendam,
369 803 467 868 immo
484 801 593 884 potius
610 798 880 885 propulsandam,
901 797 1018 872 Vestro
1031 795 1240 886 providentio

118 911 311 978 sanctitatis
325 911 446 980 indixit
462 910 654 995 Concilium,
671 915 706 975 ιιι
722 908 883 976 communi
900 907 1037 974 oonsilio
1047 903 1143 974 malis
1153 923 1239 971 corn·

119 1021 271 1087 munibus
288 1027 472 1103 occuratur,
491 1022 577 1086 inter
592 1026 702 1086 cetera
718 1018 881 1086 mandans
895 1017 1001 1101 nobis,
1020 1015 1171 1099 quatinus
1187 1031 1239 1096 oe,

119 1149 181 1211 que
197 1130 230 1194 in
246 1130 361 1213 Regno
378 1127 553 1196 Alemanie
570 1136 602 1195 et
618 1127 769 1212 partibus
786 1124 971 1210 convicinis,
988 1130 1083 1212 prout
1098 1123 1238 1191 facultas

118 1235 234 1320 aderit,
251 1237 323 1304 sive
339 1238 371 1302 in
389 1237 485 1304 Olcro
502 1236 723 1319 cuiuscunque
738 1233 907 1319 religionis
923 1238 979 1298 aut
994 1237 1119 1312 statos,
1136 1230 1190 1298 vel
1205 1230 1238 1295 in

115 1345 246 1428 reliquo
261 1346 383 1432 populo
401 1344 588 1412 Christiano
604 1343 776 1427 utriunque
793 1361 903 1428 sexus,
919 1342 1035 1410 sivein
1050 1338 1240 1408 infidelibus

118 1455 348 1537 cuiuscumque
364 1459 454 1520 secte
468 1451 522 1520 vel
537 1451 618 1519 ritus
635 1450 905 1520 conversantibus
931 1451 1014 1517 inter
1032 1467 1108 1537 eos„
1125 1455 1239 1531 quate·

117 1579 180 1626 nus
196 1579 256 1646 por
271 1563 346 1629 illos
363 1561 552 1630 Christiana
568 1560 683 1646 religio
700 1559 788 1629 infici
805 1564 912 1646 potest
929 1579 985 1626 sen
997 1557 1240 1642 quomodolibet

116 1669 329 1756 fermentari,
347 1669 559 1737 correctionis
575 1669 721 1736 remedio
736 1667 884 1755 indigere
900 1669 1072 1754 videntur,
1096 1687 1156 1752 per
1179 1685 1240 1734 nos

116 1778 277 1846 antelios
293 1779 381 1846 viros
398 1779 514 1845 adhoc
529 1777 688 1865 ydoneos,
706 1799 771 1848 non
787 1777 919 1862 quidem
935 1783 1106 1865 pertentes
1117 1777 1241 1843 iuratos

116 1907 179 1954 sen
194 1888 279 1955 alios
295 1887 460 1956 ordinaria
474 1888 707 1970 inquisitione,
726 1887 786 1956 sed
801 1887 870 1954 alia
886 1887 1159 1972 investigatione,
1178 1903 1242 1968 qne

114 2015 178 2080 per
194 1995 374 2062 familiares
391 1995 585 2063 collationes
603 2002 636 2062 et
653 1995 737 2063 alios
753 1995 902 2063 diversos
919 1993 1099 2080 indagandi
1125 1993 1240 2060 modos

114 2121 193 2168 oum
208 2101 384 2186 religiosis,
400 2109 434 2170 et
449 2102 525 2170 aliis
542 2103 776 2172 execrantibus
792 2103 932 2170 maxime
948 2103 1033 2170 vicia
1050 2101 1240 2170 colentibus·

114 2231 184 2296 qne
198 2211 337 2278 virtutes
352 2211 597 2296 baberipoterit,
615 2213 792 2297 diligenter
804 2214 1026 2298 exquirentes,
1037 2232 1079 2278 ea
1095 2210 1240 2296 singilla-

113 2319 188 2404 tim,
204 2317 359 2386 distincte
375 2325 408 2384 et
423 2325 539 2406 aperte
554 2320 757 2407 conscripta,
773 2339 835 2386 neo
850 2341 915 2389 non
932 2329 964 2388 et
980 2321 1119 2389 consilia
1134 2321 1177 2387 de
1193 2339 1240 2386 re·

112 2427 236 2496 mediis
251 2426 450 2495 adhibendis
467 2427 511 2494 ad
528 2429 762 2498 correctionem
780 2436 812 2496 ot
835 2428 1096 2500 reformationem
1113 2430 1240 2498 illorum

113 2539 181 2606 sub
197 2537 308 2622 sigillo
323 2543 435 2604 nostro
451 2556 512 2623 per
528 2537 659 2620 aliquos
679 2535 796 2604 fideles
812 2535 947 2606 nuncios
972 2539 1016 2606 ad
1040 2537 1240 2624 presentiam

110 2651 262 2713 vestram
275 2646 445 2712 mittamus
454 2695 463 2730 ‚
480 2646 688 2714 inmissione
705 2644 887 2712 huiusmodi
903 2651 1034 2732 tompus
1051 2645 1153 2734 ipsius
1168 2665 1253 2734 pro·

109 2754 282 2822 veniendo
299 2754 437 2822 Consilii
452 2773 512 2841 per
527 2774 587 2823 sex
606 2773 756 2838 menses,
782 2761 816 2820 nt
841 2755 970 2824 interim
994 2755 1109 2824 haberi
1135 2754 1242 2842 possit

109 2865 311 2946 competens
328 2860 489 2930 discussio
505 2869 539 2928 et
553 2863 653 2948 plena
670 2863 868 2931 deliberatio
886 2865 929 2931 ad
947 2871 1107 2950 oportuna
1131 2864 1243 2948 exqui-

106 2973 232 3053 renda,
248 2977 285 3036 ut
301 2971 416 3056 dccet,
433 2968 583 3039 antidota
599 2971 687 3038 circa
702 2972 762 3037 illa
777 2991 837 3059 per
862 2973 1134 3060 approbationem
1159 2973 1242 3040 eine-

106 3081 194 3148 dem
211 3079 354 3148 Oonoilii
368 3081 569 3148 adhibenda.
586 3080 745 3148 Volentes
759 3100 821 3149 nos
846 3082 935 3149 omni
961 3083 1090 3149 cantela
1114 3089 1148 3148 et
1172 3082 1242 3149 dili-

104 3188 232 3276 gentia
248 3188 421 3272 providere
431 3238 441 3273 ,
458 3195 493 3254 ut
508 3189 552 3256 ad
576 3187 863 3273 investigationem
884 3189 1107 3275 predictorum
1131 3190 1243 3258 taliter

103 3297 337 3385 procedatur,
355 3297 444 3380 qnod
460 3299 542 3366 nulli
568 3317 626 3384 per
642 3299 706 3366 hoc
721 3298 861 3382 irrogari
878 3299 983 3384 possit
1007 3297 1163 3382 infamia,
1181 3315 1242 3364 neo

101 3407 280 3474 adversus
296 3405 439 3489 aliquem
455 3407 804 3492 proindescandalnm
820 3407 983 3474 suscitari.
1000 3405 1096 3485 Quod
1112 3404 1242 3490 quidem

99 3513 334 3596 intelligimus
350 3511 393 3577 da
406 3514 557 3598 personis
574 3514 796 3599 specialibus,
813 3533 877 3582 non
894 3516 928 3582 in
951 3533 1093 3600 genere,
1109 3531 1243 3600 preser-

99 3625 268 3691 timeum
291 3621 530 3690 mandaveritis
557 3624 590 3689 in
616 3625 711 3692 Olero
737 3623 971 3709 cuiuscumque
994 3621 1162 3708 religionis
1187 3629 1246 3691 aut

98 3740 223 3802 status
239 3732 273 3798 in
289 3733 404 3816 Regno
421 3731 594 3798 Alemnnie
621 3739 653 3800 et
676 3731 826 3819 partibus
853 3731 1050 3818 convicinis,
1066 3731 1100 3799 in
1116 3731 1242 3817 reliquo

96 3839 239 3930 populo
257 3839 447 3908 Christiano
465 3836 634 3925 utriusque
650 3859 749 3907 sexus
765 3839 833 3907 fieri
855 3840 919 3908 hoo
934 3840 1066 3908 debere.
1091 3838 1161 3910 Nos
1184 3841 1244 3926 igi·

95 3961 165 4020 tur
185 3950 221 4015 in
237 3947 305 4017 hiis
320 3954 430 4016 vestro
447 3954 602 4034 parentes
618 3950 798 4029 mandato,
824 3969 889 4018 non
913 3950 1094 4018 seeundum
1119 3951 1244 4038 opinio

92 4079 190 4130 nem
207 4055 390 4142 procedere
406 4055 614 4124 intendentes
630 4057 664 4126 in
680 4057 763 4143 biis,
791 4077 854 4143 qne
870 4078 930 4146 per
945 4060 1181 4144 experientiam
1196 4057 1243 4124 di-

91 4170 267 4252 dicimus,
285 4165 372 4250 qnod
388 4167 520 4251 scimus,
535 4165 705 4253 loquimur,
723 4174 756 4236 et
770 4169 861 4252 quod
871 4169 1012 4236 vidimus
1021 4175 1242 4254 potestamnr:

89 4275 270 4367 quoniam
287 4275 463 4346 secundnm
486 4277 680 4362 Apostolum
697 4279 884 4364 periculosa
899 4285 1050 4368 tempora
1065 4280 1132 4348 iam
1147 4299 1242 4347 vene-

87 4394 213 4471 runt,
229 4385 264 4453 in
281 4386 399 4469 quibus
414 4385 566 4455 homines
583 4406 620 4454 se
645 4389 736 4476 ipsos
761 4395 916 4464 amantes
939 4393 1125 4475 preponunt
1148 4407 1242 4456 oom-

85 4496 213 4570 modo
228 4493 414 4580 reipublice
429 4516 497 4564 rem
507 4495 682 4582 privatam.
700 4495 799 4566 Unde
816 4517 881 4566 non
897 4498 1001 4567 solnm
1011 4497 1157 4584 Regnum
1166 4495 1242 4565 Ale-

82 4605 234 4689 manie,
252 4603 314 4672 sed
330 4603 449 4689 ubique
465 4605 526 4674 beo
542 4606 648 4692 pestis
664 4607 696 4674 in
714 4612 843 4678 tantum
860 4607 1020 4695 invaluit,
1036 4606 1123 4691 qnod
1138 4623 1237 4696 quan·
