<?xml version="1.0" encoding="UTF-8"?>
<!DOCTYPE html PUBLIC "-//W3C//DTD XHTML 1.0 Transitional//EN"
    "http://www.w3.org/TR/xhtml1/DTD/xhtml1-transitional.dtd">
<html xmlns="http://www.w3.org/1999/xhtml" xml:lang="en" lang="en">
 <head>
  <title>
</title>
<meta http-equiv="Content-Type" content="text/html;charset=utf-8" />
  <meta name='ocr-system' content='tesseract 3.04.00' />
  <meta name='ocr-capabilities' content='ocr_page ocr_carea ocr_par ocr_line ocrx_word'/>
</head>
<body>
  <div class='ocr_page' id='page_1' title='image "./codexdiplomatic08wenzgoog_0190.png"; bbox 0 0 3142 5164; ppageno 0'>
   <div class='ocr_carea' id='block_1_1' title="bbox 854 929 912 997">
    <p class='ocr_par' dir='ltr' id='par_1_1' title="bbox 854 929 912 997">
     <span class='ocr_line' id='line_1_1' title="bbox 854 929 912 997; baseline 0 -1"><span class='ocrx_word' id='word_1_1' title='bbox 854 929 912 997; x_wconf 76' lang='lat' dir='ltr'>oc.</span> 
     </span>
    </p>
   </div>
   <div class='ocr_carea' id='block_1_2' title="bbox 321 1124 1458 1324">
    <p class='ocr_par' dir='ltr' id='par_1_2' title="bbox 321 1124 1458 1324">
     <span class='ocr_line' id='line_1_2' title="bbox 321 1124 1458 1219; baseline 0.007 -29"><span class='ocrx_word' id='word_1_2' title='bbox 321 1125 381 1212; x_wconf 80' lang='lat'>37)</span> <span class='ocrx_word' id='word_1_3' title='bbox 398 1124 532 1214; x_wconf 79' lang='lat' dir='ltr'>Apcpa</span> <span class='ocrx_word' id='word_1_4' title='bbox 541 1127 674 1214; x_wconf 65' lang='lat' dir='ltr'>titiopoc</span> <span class='ocrx_word' id='word_1_5' title='bbox 685 1127 896 1216; x_wconf 59' lang='lat' dir='ltr'>scljogoeip&#39;o,</span> <span class='ocrx_word' id='word_1_6' title='bbox 908 1129 987 1216; x_wconf 71' lang='lat' dir='ltr'>bopy</span> <span class='ocrx_word' id='word_1_7' title='bbox 997 1129 1262 1196; x_wconf 79' lang='lat' dir='ltr'>intdzkeddecioclr</span> <span class='ocrx_word' id='word_1_8' title='bbox 1271 1129 1458 1219; x_wconf 64' lang='lat' dir='ltr'>foederato·</span> 
     </span>
     <span class='ocr_line' id='line_1_3' title="bbox 464 1237 1302 1324; baseline 0.005 -24"><span class='ocrx_word' id='word_1_9' title='bbox 464 1239 577 1302; x_wconf 67' lang='lat' dir='ltr'>crocea</span> <span class='ocrx_word' id='word_1_10' title='bbox 593 1238 724 1324; x_wconf 76' lang='lat' dir='ltr'>epybdai</span> <span class='ocrx_word' id='word_1_11' title='bbox 739 1237 913 1304; x_wconf 71' lang='lat' dir='ltr'>dtmtctisck</span> <span class='ocrx_word' id='word_1_12' title='bbox 929 1241 1009 1306; x_wconf 81' lang='lat' dir='ltr'>ditat</span> <span class='ocrx_word' id='word_1_13' title='bbox 1023 1241 1053 1306; x_wconf 83' lang='lat' dir='ltr'>ir</span> <span class='ocrx_word' id='word_1_14' title='bbox 1068 1239 1302 1306; x_wconf 79' lang='lat' dir='ltr'>erzbdzcllzerse.</span> 
     </span>
    </p>
   </div>
   <div class='ocr_carea' id='block_1_3' title="bbox 432 1433 1455 1524">
    <p class='ocr_par' dir='ltr' id='par_1_3' title="bbox 432 1419 1566 1528">
     <span class='ocr_line' id='line_1_4' title="bbox 432 1433 1455 1524; baseline -0.008 -19"><span class='ocrx_word' id='word_1_15' title='bbox 432 1433 590 1504; x_wconf 84' lang='lat' dir='ltr'>Nicolaus</span> <span class='ocrx_word' id='word_1_16' title='bbox 614 1435 796 1523; x_wconf 76' lang='lat' dir='ltr'><strong>Episcopus</strong></span> <span class='ocrx_word' id='word_1_17' title='bbox 821 1457 936 1505; x_wconf 88' lang='lat' dir='ltr'>seruus</span> <span class='ocrx_word' id='word_1_18' title='bbox 961 1457 1128 1506; x_wconf 89' lang='lat' dir='ltr'>seruorum</span> <span class='ocrx_word' id='word_1_19' title='bbox 1155 1437 1238 1524; x_wconf 89' lang='lat' dir='ltr'>Dei,</span> <span class='ocrx_word' id='word_1_20' title='bbox 1263 1437 1455 1505; x_wconf 85' lang='lat' dir='ltr'>venerabili</span> 
     </span>
    </p>
   </div>
   <div class='ocr_carea' id='block_1_4' title="bbox 322 1531 1566 1634">
    <p class='ocr_par' dir='ltr' id='par_1_4' title="bbox 322 1531 1566 1634">
     <span class='ocr_line' id='line_1_5' title="bbox 322 1531 1566 1634; baseline 0 -25"><span class='ocrx_word' id='word_1_21' title='bbox 322 1543 416 1612; x_wconf 78' lang='lat' dir='ltr'>fratri</span> <span class='ocrx_word' id='word_1_22' title='bbox 442 1545 594 1630; x_wconf 92' lang='lat' dir='ltr'>Philippo</span> <span class='ocrx_word' id='word_1_23' title='bbox 623 1543 787 1632; x_wconf 77' lang='lat' dir='ltr'>Episcopo</span> <span class='ocrx_word' id='word_1_24' title='bbox 812 1545 968 1614; x_wconf 77' lang='lat' dir='ltr'><strong>Firmano</strong></span> <span class='ocrx_word' id='word_1_25' title='bbox 991 1545 1184 1634; x_wconf 83' lang='lat' dir='ltr'>Apostolice</span> <span class='ocrx_word' id='word_1_26' title='bbox 1201 1547 1300 1614; x_wconf 89' lang='lat' dir='ltr'>Sedis</span> <span class='ocrx_word' id='word_1_27' title='bbox 1316 1547 1451 1630; x_wconf 81' lang='lat' dir='ltr'>Legnto</span> <span class='ocrx_word' id='word_1_28' title='bbox 1565 1531 1566 1600; x_wconf 69' lang='lat' dir='ltr'>i</span> 
     </span>
    </p>
   </div>
   <div class='ocr_carea' id='block_1_5' title="bbox 319 1652 1451 1740">
    <p class='ocr_par' dir='ltr' id='par_1_5' title="bbox 319 1652 1451 1740">
     <span class='ocr_line' id='line_1_6' title="bbox 319 1652 1451 1740; baseline 0.001 -22"><span class='ocrx_word' id='word_1_29' title='bbox 319 1654 457 1719; x_wconf 87' lang='lat' dir='ltr'>salutem</span> <span class='ocrx_word' id='word_1_30' title='bbox 484 1659 517 1719; x_wconf 89' lang='lat' dir='ltr'>et</span> <span class='ocrx_word' id='word_1_31' title='bbox 533 1653 758 1740; x_wconf 82' lang='lat' dir='ltr'>Apostolicam</span> <span class='ocrx_word' id='word_1_32' title='bbox 785 1652 1054 1722; x_wconf 74' lang='lat' dir='ltr'>benedictionem.</span> <span class='ocrx_word' id='word_1_33' title='bbox 1083 1654 1162 1721; x_wconf 80' lang='lat' dir='ltr'>Cum</span> <span class='ocrx_word' id='word_1_34' title='bbox 1180 1661 1212 1721; x_wconf 91' lang='lat' dir='ltr'>te</span> <span class='ocrx_word' id='word_1_35' title='bbox 1229 1653 1271 1720; x_wconf 83' lang='lat' dir='ltr'>ad</span> <span class='ocrx_word' id='word_1_36' title='bbox 1286 1652 1451 1738; x_wconf 84' lang='lat' dir='ltr'>ngarie,</span> 
     </span>
    </p>
   </div>
   <div class='ocr_carea' id='block_1_6' title="bbox 319 1759 1566 2175">
    <p class='ocr_par' dir='ltr' id='par_1_6' title="bbox 319 1759 1566 2175">
     <span class='ocr_line' id='line_1_7' title="bbox 319 1759 1566 1847; baseline 0.003 -21"><span class='ocrx_word' id='word_1_37' title='bbox 319 1759 467 1845; x_wconf 89' lang='lat' dir='ltr'>Polonie,</span> <span class='ocrx_word' id='word_1_38' title='bbox 485 1759 662 1846; x_wconf 87' lang='lat' dir='ltr'>Dalmatie,</span> <span class='ocrx_word' id='word_1_39' title='bbox 679 1759 823 1846; x_wconf 81' lang='lat' dir='ltr'>Oroatia,</span> <span class='ocrx_word' id='word_1_40' title='bbox 840 1764 954 1846; x_wconf 82' lang='lat' dir='ltr'>Rome,</span> <span class='ocrx_word' id='word_1_41' title='bbox 966 1759 1091 1845; x_wconf 85' lang='lat' dir='ltr'>Servio,</span> <span class='ocrx_word' id='word_1_42' title='bbox 1104 1761 1308 1847; x_wconf 88' lang='lat' dir='ltr'>Lodomerie,</span> <span class='ocrx_word' id='word_1_43' title='bbox 1320 1762 1452 1830; x_wconf 75' lang='lat' dir='ltr'>Galitie</span> <span class='ocrx_word' id='word_1_44' title='bbox 1565 1773 1566 1842; x_wconf 78' lang='lat' dir='ltr'>j</span> 
     </span>
     <span class='ocr_line' id='line_1_8' title="bbox 320 1855 1566 1956; baseline 0.006 -22"><span class='ocrx_word' id='word_1_45' title='bbox 320 1875 354 1934; x_wconf 92' lang='lat' dir='ltr'>et</span> <span class='ocrx_word' id='word_1_46' title='bbox 379 1868 536 1936; x_wconf 79' lang='lat' dir='ltr'>Cumanie</span> <span class='ocrx_word' id='word_1_47' title='bbox 562 1877 684 1954; x_wconf 85' lang='lat' dir='ltr'>partes,</span> <span class='ocrx_word' id='word_1_48' title='bbox 701 1869 762 1934; x_wconf 93' lang='lat' dir='ltr'>tibi</span> <span class='ocrx_word' id='word_1_49' title='bbox 779 1870 956 1939; x_wconf 86' lang='lat' dir='ltr'>commisso</span> <span class='ocrx_word' id='word_1_50' title='bbox 972 1871 1052 1937; x_wconf 93' lang='lat' dir='ltr'>inibi</span> <span class='ocrx_word' id='word_1_51' title='bbox 1068 1872 1167 1956; x_wconf 91' lang='lat' dir='ltr'>plene</span> <span class='ocrx_word' id='word_1_52' title='bbox 1183 1871 1359 1955; x_wconf 73' lang='lat' dir='ltr'>legationis</span> <span class='ocrx_word' id='word_1_53' title='bbox 1376 1873 1452 1940; x_wconf 87' lang='lat' dir='ltr'>offi-</span> <span class='ocrx_word' id='word_1_54' title='bbox 1565 1855 1566 1942; x_wconf 52' lang='grc' dir='ltr'>ἶ</span> 
     </span>
     <span class='ocr_line' id='line_1_9' title="bbox 319 1975 1566 2063; baseline 0.004 -21"><span class='ocrx_word' id='word_1_55' title='bbox 319 1976 393 2061; x_wconf 86' lang='lat' dir='ltr'>cio,</span> <span class='ocrx_word' id='word_1_56' title='bbox 417 1997 478 2063; x_wconf 89' lang='lat' dir='ltr'>pro</span> <span class='ocrx_word' id='word_1_57' title='bbox 504 1976 617 2045; x_wconf 85' lang='lat' dir='ltr'>arduis</span> <span class='ocrx_word' id='word_1_58' title='bbox 643 1979 788 2063; x_wconf 88' lang='lat' dir='ltr'>nogotiis</span> <span class='ocrx_word' id='word_1_59' title='bbox 813 1979 1016 2048; x_wconf 76' lang='lat' dir='ltr'>destinemus</span> <span class='ocrx_word' id='word_1_60' title='bbox 1032 2003 1040 2044; x_wconf 92' lang='lat'>:</span> <span class='ocrx_word' id='word_1_61' title='bbox 1059 1987 1095 2048; x_wconf 93' lang='lat' dir='ltr'>ut</span> <span class='ocrx_word' id='word_1_62' title='bbox 1121 1981 1154 2046; x_wconf 92' lang='lat' dir='ltr'>in</span> <span class='ocrx_word' id='word_1_63' title='bbox 1180 1980 1364 2050; x_wconf 88' lang='lat' dir='ltr'>commissis</span> <span class='ocrx_word' id='word_1_64' title='bbox 1385 1981 1451 2047; x_wconf 85' lang='lat' dir='ltr'>tibi</span> <span class='ocrx_word' id='word_1_65' title='bbox 1565 1975 1566 2004; x_wconf 61' lang='lat'><em>&#39;</em></span> 
     </span>
     <span class='ocr_line' id='line_1_10' title="bbox 320 2087 1566 2175; baseline 0.006 -25"><span class='ocrx_word' id='word_1_66' title='bbox 320 2087 464 2169; x_wconf 88' lang='lat' dir='ltr'>negotiis</span> <span class='ocrx_word' id='word_1_67' title='bbox 490 2107 529 2154; x_wconf 92' lang='lat' dir='ltr'>eo</span> <span class='ocrx_word' id='word_1_68' title='bbox 553 2087 663 2173; x_wconf 89' lang='lat' dir='ltr'>possis</span> <span class='ocrx_word' id='word_1_69' title='bbox 688 2088 876 2174; x_wconf 82' lang='lat' dir='ltr'>prosperari</span> <span class='ocrx_word' id='word_1_70' title='bbox 903 2089 1053 2173; x_wconf 84' lang='lat' dir='ltr'>facilius,</span> <span class='ocrx_word' id='word_1_71' title='bbox 1084 2109 1150 2172; x_wconf 89' lang='lat' dir='ltr'>quo</span> <span class='ocrx_word' id='word_1_72' title='bbox 1179 2089 1294 2156; x_wconf 87' lang='lat' dir='ltr'>maiori</span> <span class='ocrx_word' id='word_1_73' title='bbox 1311 2108 1372 2175; x_wconf 89' lang='lat' dir='ltr'>per</span> <span class='ocrx_word' id='word_1_74' title='bbox 1388 2109 1450 2156; x_wconf 83' lang='lat' dir='ltr'>nos</span> <span class='ocrx_word' id='word_1_75' title='bbox 1565 2107 1566 2158; x_wconf 82' lang='grc' dir='ltr'>ξ</span> 
     </span>
    </p>
   </div>
   <div class='ocr_carea' id='block_1_7' title="bbox 317 2193 1450 2931">
    <p class='ocr_par' dir='ltr' id='par_1_7' title="bbox 317 2193 1450 2931">
     <span class='ocr_line' id='line_1_11' title="bbox 320 2193 1450 2280; baseline 0.002 -22"><span class='ocrx_word' id='word_1_76' title='bbox 320 2193 420 2260; x_wconf 84' lang='lat' dir='ltr'>fueris</span> <span class='ocrx_word' id='word_1_77' title='bbox 445 2195 641 2262; x_wconf 85' lang='lat' dir='ltr'>auctoritate</span> <span class='ocrx_word' id='word_1_78' title='bbox 667 2195 829 2279; x_wconf 92' lang='lat' dir='ltr'>munitus,</span> <span class='ocrx_word' id='word_1_79' title='bbox 855 2195 1055 2264; x_wconf 76' lang='lat' dir='ltr'>fraternitati</span> <span class='ocrx_word' id='word_1_80' title='bbox 1079 2204 1134 2263; x_wconf 90' lang='lat' dir='ltr'>tue</span> <span class='ocrx_word' id='word_1_81' title='bbox 1150 2196 1372 2280; x_wconf 87' lang='lat' dir='ltr'>compellendi</span> <span class='ocrx_word' id='word_1_82' title='bbox 1389 2217 1450 2263; x_wconf 91' lang='lat' dir='ltr'>au-</span> 
     </span>
     <span class='ocr_line' id='line_1_12' title="bbox 321 2301 1448 2390; baseline 0.003 -24"><span class='ocrx_word' id='word_1_83' title='bbox 321 2301 470 2368; x_wconf 73' lang='lat' dir='ltr'>ctoritate</span> <span class='ocrx_word' id='word_1_84' title='bbox 489 2309 609 2371; x_wconf 90' lang='lat' dir='ltr'>nostra</span> <span class='ocrx_word' id='word_1_85' title='bbox 625 2323 684 2388; x_wconf 89' lang='lat' dir='ltr'>per</span> <span class='ocrx_word' id='word_1_86' title='bbox 708 2310 741 2369; x_wconf 90' lang='lat' dir='ltr'>te</span> <span class='ocrx_word' id='word_1_87' title='bbox 767 2305 820 2370; x_wconf 86' lang='lat' dir='ltr'>vel</span> <span class='ocrx_word' id='word_1_88' title='bbox 846 2323 904 2390; x_wconf 92' lang='lat' dir='ltr'>per</span> <span class='ocrx_word' id='word_1_89' title='bbox 920 2305 1018 2372; x_wconf 86' lang='lat' dir='ltr'>aliurn</span> <span class='ocrx_word' id='word_1_90' title='bbox 1036 2312 1093 2370; x_wconf 85' lang='lat' dir='ltr'>aut</span> <span class='ocrx_word' id='word_1_91' title='bbox 1109 2305 1195 2370; x_wconf 91' lang='lat' dir='ltr'>alios</span> <span class='ocrx_word' id='word_1_92' title='bbox 1211 2303 1373 2390; x_wconf 87' lang='lat' dir='ltr'>Prelatoe,</span> <span class='ocrx_word' id='word_1_93' title='bbox 1393 2324 1448 2374; x_wconf 85' lang='lat' dir='ltr'>cu-</span> 
     </span>
     <span class='ocr_line' id='line_1_13' title="bbox 319 2409 1448 2498; baseline 0.004 -24"><span class='ocrx_word' id='word_1_94' title='bbox 319 2410 508 2492; x_wconf 86' lang='lat' dir='ltr'>iuscumque</span> <span class='ocrx_word' id='word_1_95' title='bbox 519 2411 735 2494; x_wconf 83' lang='lat' dir='ltr'>preminentia</span> <span class='ocrx_word' id='word_1_96' title='bbox 746 2410 799 2477; x_wconf 89' lang='lat' dir='ltr'>vel</span> <span class='ocrx_word' id='word_1_97' title='bbox 810 2409 980 2493; x_wconf 79' lang='lat' dir='ltr'>dignitatis</span> <span class='ocrx_word' id='word_1_98' title='bbox 992 2411 1171 2498; x_wconf 87' lang='lat' dir='ltr'>extiterint,</span> <span class='ocrx_word' id='word_1_99' title='bbox 1189 2432 1321 2480; x_wconf 82' lang='lat' dir='ltr'>necnon</span> <span class='ocrx_word' id='word_1_100' title='bbox 1332 2431 1448 2497; x_wconf 87' lang='lat' dir='ltr'>perso·</span> 
     </span>
     <span class='ocr_line' id='line_1_14' title="bbox 323 2517 1444 2606; baseline 0.002 -24"><span class='ocrx_word' id='word_1_101' title='bbox 323 2537 384 2583; x_wconf 93' lang='lat' dir='ltr'>nas</span> <span class='ocrx_word' id='word_1_102' title='bbox 401 2518 565 2602; x_wconf 81' lang='lat' dir='ltr'>quoslibet</span> <span class='ocrx_word' id='word_1_103' title='bbox 582 2524 649 2584; x_wconf 83' lang='lat' dir='ltr'>tem</span> <span class='ocrx_word' id='word_1_104' title='bbox 661 2517 901 2606; x_wconf 70' lang='lat' dir='ltr'>cisterciensis,</span> <span class='ocrx_word' id='word_1_105' title='bbox 912 2521 1444 2606; x_wconf 81' lang='lat' dir='ltr'>Premonstratensin,Ginniacen-</span> 
     </span>
     <span class='ocr_line' id='line_1_15' title="bbox 324 2627 1444 2716; baseline 0.004 -26"><span class='ocrx_word' id='word_1_106' title='bbox 324 2627 371 2692; x_wconf 89' lang='lat' dir='ltr'>sis</span> <span class='ocrx_word' id='word_1_107' title='bbox 384 2633 417 2690; x_wconf 89' lang='lat' dir='ltr'>et</span> <span class='ocrx_word' id='word_1_108' title='bbox 433 2627 571 2694; x_wconf 88' lang='lat' dir='ltr'>aliorum</span> <span class='ocrx_word' id='word_1_109' title='bbox 588 2628 748 2713; x_wconf 85' lang='lat' dir='ltr'>ordinum,</span> <span class='ocrx_word' id='word_1_110' title='bbox 759 2628 937 2712; x_wconf 79' lang='lat' dir='ltr'>Magistros</span> <span class='ocrx_word' id='word_1_111' title='bbox 948 2647 1088 2716; x_wconf 89' lang='lat' dir='ltr'>qnoque,</span> <span class='ocrx_word' id='word_1_112' title='bbox 1106 2629 1248 2715; x_wconf 87' lang='lat' dir='ltr'>Priores,</span> <span class='ocrx_word' id='word_1_113' title='bbox 1265 2629 1444 2714; x_wconf 86' lang='lat' dir='ltr'>Preccpto·</span> 
     </span>
     <span class='ocr_line' id='line_1_16' title="bbox 318 2734 1444 2822; baseline 0.001 -23"><span class='ocrx_word' id='word_1_114' title='bbox 318 2751 373 2799; x_wconf 87' lang='lat' dir='ltr'>res</span> <span class='ocrx_word' id='word_1_115' title='bbox 386 2743 420 2801; x_wconf 89' lang='lat' dir='ltr'>ct</span> <span class='ocrx_word' id='word_1_116' title='bbox 431 2735 550 2801; x_wconf 80' lang='lat' dir='ltr'>fratres</span> <span class='ocrx_word' id='word_1_117' title='bbox 566 2734 751 2822; x_wconf 82' lang='lat' dir='ltr'>Hospitalis</span> <span class='ocrx_word' id='word_1_118' title='bbox 761 2735 1037 2820; x_wconf 86' lang='lat' dir='ltr'>Jerosolomitani,</span> <span class='ocrx_word' id='word_1_119' title='bbox 1049 2736 1171 2804; x_wconf 87' lang='lat' dir='ltr'>Domus</span> <span class='ocrx_word' id='word_1_120' title='bbox 1182 2737 1298 2804; x_wconf 80' lang='lat' dir='ltr'>llilitie</span> <span class='ocrx_word' id='word_1_121' title='bbox 1313 2735 1444 2820; x_wconf 76' lang='lat' dir='ltr'>Templi</span> 
     </span>
     <span class='ocr_line' id='line_1_17' title="bbox 317 2843 1445 2931; baseline 0 -23"><span class='ocrx_word' id='word_1_122' title='bbox 317 2849 352 2908; x_wconf 85' lang='lat' dir='ltr'>et</span> <span class='ocrx_word' id='word_1_123' title='bbox 362 2861 634 2926; x_wconf 88' lang='lat' dir='ltr'>quorumcumque</span> <span class='ocrx_word' id='word_1_124' title='bbox 654 2843 870 2930; x_wconf 85' lang='lat' dir='ltr'>Hospitalinm</span> <span class='ocrx_word' id='word_1_125' title='bbox 882 2846 953 2913; x_wconf 85' lang='lat' dir='ltr'>sive</span> <span class='ocrx_word' id='word_1_126' title='bbox 965 2846 1145 2931; x_wconf 87' lang='lat' dir='ltr'>domorum,</span> <span class='ocrx_word' id='word_1_127' title='bbox 1157 2861 1254 2929; x_wconf 87' lang='lat' dir='ltr'>quam</span> <span class='ocrx_word' id='word_1_128' title='bbox 1268 2845 1355 2912; x_wconf 84' lang='lat' dir='ltr'>elias</span> <span class='ocrx_word' id='word_1_129' title='bbox 1370 2863 1445 2930; x_wconf 89' lang='lat' dir='ltr'>per-</span> 
     </span>
    </p>
   </div>
   <div class='ocr_carea' id='block_1_8' title="bbox 186 2951 1446 3022">
    <p class='ocr_par' dir='ltr' id='par_1_8' title="bbox 186 2951 1446 3022">
     <span class='ocr_line' id='line_1_18' title="bbox 186 2951 1446 3022; baseline 0.005 -7"><span class='ocrx_word' id='word_1_130' title='bbox 186 2963 190 2974; x_wconf 86' lang='lat'><em>&#39;</em></span> <span class='ocrx_word' id='word_1_131' title='bbox 318 2968 419 3016; x_wconf 86' lang='lat' dir='ltr'>sonas</span> <span class='ocrx_word' id='word_1_132' title='bbox 444 2951 692 3019; x_wconf 86' lang='lat' dir='ltr'>ecclesiasticas</span> <span class='ocrx_word' id='word_1_133' title='bbox 721 2951 966 3022; x_wconf 84' lang='lat' dir='ltr'>Cathcdralinm</span> <span class='ocrx_word' id='word_1_134' title='bbox 992 2955 1190 3020; x_wconf 82' lang='lat' dir='ltr'>stellarum</span> <span class='ocrx_word' id='word_1_135' title='bbox 1228 2952 1446 3020; x_wconf 87' lang='lat' dir='ltr'>ecclesiarum</span> 
     </span>
    </p>
   </div>
   <div class='ocr_carea' id='block_1_9' title="bbox 315 3058 1450 3793">
    <p class='ocr_par' dir='ltr' id='par_1_9' title="bbox 315 3058 1450 3793">
     <span class='ocr_line' id='line_1_19' title="bbox 318 3058 1450 3150; baseline 0.003 -26"><span class='ocrx_word' id='word_1_136' title='bbox 318 3059 390 3124; x_wconf 83' lang='lat' dir='ltr'>sive</span> <span class='ocrx_word' id='word_1_137' title='bbox 415 3058 685 3125; x_wconf 84' lang='lat' dir='ltr'>monasteriorum</span> <span class='ocrx_word' id='word_1_138' title='bbox 712 3071 935 3150; x_wconf 83' lang='lat' dir='ltr'>exemplorum</span> <span class='ocrx_word' id='word_1_139' title='bbox 967 3069 1001 3127; x_wconf 87' lang='lat' dir='ltr'>et</span> <span class='ocrx_word' id='word_1_140' title='bbox 1026 3081 1090 3128; x_wconf 94' lang='lat' dir='ltr'>non</span> <span class='ocrx_word' id='word_1_141' title='bbox 1116 3067 1360 3148; x_wconf 84' lang='lat' dir='ltr'>exemplorum,</span> <span class='ocrx_word' id='word_1_142' title='bbox 1387 3081 1450 3149; x_wconf 92' lang='lat' dir='ltr'>per</span> 
     </span>
     <span class='ocr_line' id='line_1_20' title="bbox 317 3168 1447 3257; baseline 0 -22"><span class='ocrx_word' id='word_1_143' title='bbox 317 3185 488 3235; x_wconf 80' lang='lat' dir='ltr'>censuram</span> <span class='ocrx_word' id='word_1_144' title='bbox 507 3168 769 3236; x_wconf 88' lang='lat' dir='ltr'>eeclesiasticam</span> <span class='ocrx_word' id='word_1_145' title='bbox 786 3171 1075 3257; x_wconf 84' lang='lat' dir='ltr'>adprevideudum</span> <span class='ocrx_word' id='word_1_146' title='bbox 1092 3172 1124 3236; x_wconf 90' lang='lat' dir='ltr'>in</span> <span class='ocrx_word' id='word_1_147' title='bbox 1142 3169 1341 3237; x_wconf 80' lang='lat' dir='ltr'>necessariis</span> <span class='ocrx_word' id='word_1_148' title='bbox 1365 3189 1447 3235; x_wconf 92' lang='lat' dir='ltr'>nnn-</span> 
     </span>
     <span class='ocr_line' id='line_1_21' title="bbox 316 3277 1449 3362; baseline 0.003 -21"><span class='ocrx_word' id='word_1_149' title='bbox 316 3277 373 3344; x_wconf 87' lang='lat' dir='ltr'>tiis</span> <span class='ocrx_word' id='word_1_150' title='bbox 389 3277 466 3361; x_wconf 83' lang='lat' dir='ltr'>tuis,</span> <span class='ocrx_word' id='word_1_151' title='bbox 483 3296 564 3361; x_wconf 84' lang='lat' dir='ltr'>quos</span> <span class='ocrx_word' id='word_1_152' title='bbox 580 3295 639 3362; x_wconf 87' lang='lat' dir='ltr'>pro</span> <span class='ocrx_word' id='word_1_153' title='bbox 655 3278 812 3362; x_wconf 85' lang='lat' dir='ltr'>predictis</span> <span class='ocrx_word' id='word_1_154' title='bbox 830 3278 1015 3347; x_wconf 90' lang='lat' dir='ltr'>commissis</span> <span class='ocrx_word' id='word_1_155' title='bbox 1041 3279 1101 3346; x_wconf 93' lang='lat' dir='ltr'>tibi</span> <span class='ocrx_word' id='word_1_156' title='bbox 1127 3279 1269 3362; x_wconf 86' lang='lat' dir='ltr'>negotiis</span> <span class='ocrx_word' id='word_1_157' title='bbox 1297 3277 1449 3344; x_wconf 88' lang='lat' dir='ltr'>destina·</span> 
     </span>
     <span class='ocr_line' id='line_1_22' title="bbox 315 3383 1447 3472; baseline -0.001 -20"><span class='ocrx_word' id='word_1_158' title='bbox 315 3384 378 3470; x_wconf 87' lang='lat' dir='ltr'>bis,</span> <span class='ocrx_word' id='word_1_159' title='bbox 394 3405 459 3452; x_wconf 92' lang='lat' dir='ltr'>nou</span> <span class='ocrx_word' id='word_1_160' title='bbox 477 3385 685 3454; x_wconf 87' lang='lat' dir='ltr'>obstantibus</span> <span class='ocrx_word' id='word_1_161' title='bbox 704 3385 959 3471; x_wconf 88' lang='lat' dir='ltr'>quibuscumque</span> <span class='ocrx_word' id='word_1_162' title='bbox 981 3387 1162 3472; x_wconf 87' lang='lat' dir='ltr'>privilegiis</span> <span class='ocrx_word' id='word_1_163' title='bbox 1178 3393 1212 3454; x_wconf 90' lang='lat' dir='ltr'>ct</span> <span class='ocrx_word' id='word_1_164' title='bbox 1228 3383 1447 3469; x_wconf 83' lang='lat' dir='ltr'>indulgentiis</span> 
     </span>
     <span class='ocr_line' id='line_1_23' title="bbox 318 3489 1447 3580; baseline 0 -22"><span class='ocrx_word' id='word_1_165' title='bbox 318 3493 529 3580; x_wconf 87' lang='lat' dir='ltr'>apostolicis,</span> <span class='ocrx_word' id='word_1_166' title='bbox 556 3515 616 3580; x_wconf 88' lang='lat' dir='ltr'>pcr</span> <span class='ocrx_word' id='word_1_167' title='bbox 641 3511 703 3576; x_wconf 87' lang='lat' dir='ltr'>que</span> <span class='ocrx_word' id='word_1_168' title='bbox 719 3500 856 3579; x_wconf 84' lang='lat' dir='ltr'>possent</span> <span class='ocrx_word' id='word_1_169' title='bbox 880 3495 915 3560; x_wconf 93' lang='lat' dir='ltr'>in</span> <span class='ocrx_word' id='word_1_170' title='bbox 941 3493 1004 3559; x_wconf 82' lang='lat' dir='ltr'>hac</span> <span class='ocrx_word' id='word_1_171' title='bbox 1020 3499 1114 3574; x_wconf 86' lang='lat' dir='ltr'>parte</span> <span class='ocrx_word' id='word_1_172' title='bbox 1139 3489 1385 3578; x_wconf 86' lang='lat' dir='ltr'>quomodolibet</span> <span class='ocrx_word' id='word_1_173' title='bbox 1408 3513 1447 3559; x_wconf 90' lang='lat' dir='ltr'>se</span> 
     </span>
     <span class='ocr_line' id='line_1_24' title="bbox 317 3599 1445 3687; baseline -0.002 -19"><span class='ocrx_word' id='word_1_174' title='bbox 317 3601 413 3687; x_wconf 88' lang='lat' dir='ltr'>tueri,</span> <span class='ocrx_word' id='word_1_175' title='bbox 430 3608 463 3668; x_wconf 88' lang='lat' dir='ltr'>st</span> <span class='ocrx_word' id='word_1_176' title='bbox 484 3602 525 3668; x_wconf 91' lang='lat' dir='ltr'>de</span> <span class='ocrx_word' id='word_1_177' title='bbox 542 3602 660 3686; x_wconf 87' lang='lat' dir='ltr'>quibus</span> <span class='ocrx_word' id='word_1_178' title='bbox 676 3621 952 3686; x_wconf 87' lang='lat' dir='ltr'>quorumcumque</span> <span class='ocrx_word' id='word_1_179' title='bbox 968 3601 1137 3670; x_wconf 87' lang='lat' dir='ltr'>tenoribus</span> <span class='ocrx_word' id='word_1_180' title='bbox 1163 3601 1240 3668; x_wconf 83' lang='lat' dir='ltr'>totis</span> <span class='ocrx_word' id='word_1_181' title='bbox 1267 3600 1311 3667; x_wconf 89' lang='lat' dir='ltr'>de</span> <span class='ocrx_word' id='word_1_182' title='bbox 1340 3599 1445 3667; x_wconf 86' lang='lat' dir='ltr'>verbo</span> 
     </span>
     <span class='ocr_line' id='line_1_25' title="bbox 318 3707 1449 3793; baseline -0.004 -17"><span class='ocrx_word' id='word_1_183' title='bbox 318 3709 512 3778; x_wconf 81' lang='lat' dir='ltr'>adverbum</span> <span class='ocrx_word' id='word_1_184' title='bbox 528 3711 563 3777; x_wconf 92' lang='lat' dir='ltr'>in</span> <span class='ocrx_word' id='word_1_185' title='bbox 586 3712 709 3779; x_wconf 86' lang='lat' dir='ltr'>nostris</span> <span class='ocrx_word' id='word_1_186' title='bbox 725 3711 844 3778; x_wconf 85' lang='lat' dir='ltr'>litteris</span> <span class='ocrx_word' id='word_1_187' title='bbox 870 3711 1005 3778; x_wconf 88' lang='lat' dir='ltr'>deberet</span> <span class='ocrx_word' id='word_1_188' title='bbox 1032 3708 1103 3776; x_wconf 88' lang='lat' dir='ltr'>fieri</span> <span class='ocrx_word' id='word_1_189' title='bbox 1127 3707 1250 3776; x_wconf 92' lang='lat' dir='ltr'>mentio</span> <span class='ocrx_word' id='word_1_190' title='bbox 1276 3708 1449 3793; x_wconf 79' lang='lat' dir='ltr'>specialis,</span> 
     </span>
    </p>
   </div>
   <div class='ocr_carea' id='block_1_10' title="bbox 316 3815 1450 4013">
    <p class='ocr_par' dir='ltr' id='par_1_10' title="bbox 316 3815 1450 4013">
     <span class='ocr_line' id='line_1_26' title="bbox 316 3815 1450 3908; baseline -0.004 -24"><span class='ocrx_word' id='word_1_191' title='bbox 316 3819 450 3904; x_wconf 85' lang='lat' dir='ltr'>plenam</span> <span class='ocrx_word' id='word_1_192' title='bbox 466 3820 664 3888; x_wconf 81' lang='lat' dir='ltr'>auctoritate</span> <span class='ocrx_word' id='word_1_193' title='bbox 675 3821 874 3908; x_wconf 87' lang='lat' dir='ltr'>presentium</span> <span class='ocrx_word' id='word_1_194' title='bbox 884 3817 1094 3890; x_wconf 87' lang='lat' dir='ltr'>concedimus</span> <span class='ocrx_word' id='word_1_195' title='bbox 1112 3817 1314 3886; x_wconf 84' lang='lat' dir='ltr'>facultatem.</span> <span class='ocrx_word' id='word_1_196' title='bbox 1325 3815 1450 3883; x_wconf 83' lang='lat' dir='ltr'>Datum</span> 
     </span>
     <span class='ocr_line' id='line_1_27' title="bbox 316 3923 1450 4013; baseline -0.004 -19"><span class='ocrx_word' id='word_1_197' title='bbox 316 3925 453 3995; x_wconf 87' lang='lat' dir='ltr'>Viterbii</span> <span class='ocrx_word' id='word_1_198' title='bbox 469 3926 513 3994; x_wconf 85' lang='lat' dir='ltr'>X.</span> <span class='ocrx_word' id='word_1_199' title='bbox 525 3927 693 3997; x_wconf 82' lang='lat' dir='ltr'>Kalendas</span> <span class='ocrx_word' id='word_1_200' title='bbox 703 3925 866 4013; x_wconf 89' lang='lat' dir='ltr'>Octobris,</span> <span class='ocrx_word' id='word_1_201' title='bbox 877 3925 1090 3996; x_wconf 82' lang='lat' dir='ltr'>Pontificatus</span> <span class='ocrx_word' id='word_1_202' title='bbox 1107 3925 1213 3994; x_wconf 77' lang='lat' dir='ltr'>nostri</span> <span class='ocrx_word' id='word_1_203' title='bbox 1224 3943 1312 3992; x_wconf 86' lang='lat' dir='ltr'>anno</span> <span class='ocrx_word' id='word_1_204' title='bbox 1329 3923 1450 4012; x_wconf 87' lang='lat' dir='ltr'>primo.</span> 
     </span>
    </p>
   </div>
   <div class='ocr_carea' id='block_1_11' title="bbox 423 4117 1337 4196">
    <p class='ocr_par' dir='ltr' id='par_1_11' title="bbox 423 4117 1337 4196">
     <span class='ocr_line' id='line_1_28' title="bbox 423 4117 1337 4196; baseline -0.004 -18"><span class='ocrx_word' id='word_1_205' title='bbox 423 4120 485 4194; x_wconf 92' lang='lat'>(111.</span> <span class='ocrx_word' id='word_1_206' title='bbox 499 4121 604 4181; x_wconf 83' lang='lat' dir='ltr'>blilrlds</span> <span class='ocrx_word' id='word_1_207' title='bbox 616 4121 695 4196; x_wconf 77' lang='lat' dir='ltr'>pdpa</span> <span class='ocrx_word' id='word_1_208' title='bbox 706 4122 897 4196; x_wconf 71' lang='lat' dir='ltr'>Regestdibdl</span> <span class='ocrx_word' id='word_1_209' title='bbox 909 4121 1037 4180; x_wconf 88' lang='lat' dir='ltr'>Theiner</span> <span class='ocrx_word' id='word_1_210' title='bbox 1048 4121 1086 4176; x_wconf 90' lang='lat' dir='ltr'>id.</span> <span class='ocrx_word' id='word_1_211' title='bbox 1100 4139 1136 4177; x_wconf 88' lang='lat' dir='ltr'>m.</span> <span class='ocrx_word' id='word_1_212' title='bbox 1149 4119 1172 4178; x_wconf 82' lang='lat' dir='ltr'>l.</span> <span class='ocrx_word' id='word_1_213' title='bbox 1184 4119 1214 4174; x_wconf 88' lang='lat' dir='ltr'>k.</span> <span class='ocrx_word' id='word_1_214' title='bbox 1227 4117 1292 4176; x_wconf 78' lang='grc'><strong>836.</strong></span> <span class='ocrx_word' id='word_1_215' title='bbox 1305 4119 1337 4190; x_wconf 82' lang='lat' dir='ltr'>l.)</span> 
     </span>
    </p>
   </div>
   <div class='ocr_carea' id='block_1_12' title="bbox 769 4423 990 4437">
    <p class='ocr_par' dir='ltr' id='par_1_12' title="bbox 769 4423 990 4437">
     <span class='ocr_line' id='line_1_29' title="bbox 769 4423 990 4437; baseline -0.005 -1"><span class='ocrx_word' id='word_1_216' title='bbox 769 4423 990 4437; x_wconf 44' lang='grc' dir='ltr'>’.ωηο-...μδ</span> 
     </span>
    </p>
   </div>
   <div class='ocr_carea' id='block_1_13' title="bbox 0 0 1576 5158">
    <p class='ocr_par' dir='ltr' id='par_1_13' title="bbox 0 0 1576 5158">
     <span class='ocr_line' id='line_1_30' title="bbox 0 0 1576 5158; baseline 0 0"><span class='ocrx_word' id='word_1_217' title='bbox 0 0 1576 5158; x_wconf 95' lang='lat' dir='ltr'> </span> 
     </span>
    </p>
   </div>
  </div>
 </body>
</html>
