3142 5164
598 299 757 410 ‚roc

115 512 211 574 ternc
234 503 363 592 uirgam
388 505 588 590 extendere,
613 525 655 575 ac
671 505 731 573 illa
755 501 892 574 feriente
916 503 961 572 ab
987 518 1026 572 eo
1051 497 1241 578 indecentia

115 633 246 700 queque
269 633 408 703 prorsus
433 619 608 700 excutere,
633 621 670 682 ut
693 613 761 682 illis
787 611 930 700 expiatis
954 612 1075 682 munde
1100 617 1241 684 reniteat

114 725 189 794 Deo
211 723 300 810 patri
326 731 360 792 et
383 723 481 793 nobis
493 773 502 809 ,
534 724 621 794 filius
635 728 844 811 presentetur
861 722 1006 804 electus,
1031 728 1065 790 et
1092 725 1241 794 exultent

114 833 216 902 eorda
241 833 387 902 fidelium
412 834 446 901 in
470 833 592 902 lumine
617 833 727 903 vultus
744 832 825 916 eius,
841 831 980 918 ipseque
995 849 1151 918 prospere
1166 852 1241 920 pro·

113 943 237 1010 cedens
264 949 297 1010 et
317 959 483 1029 regnans,
520 940 651 1010 tandem
687 938 975 1030 participationem
1000 947 1113 1010 eterne
1136 943 1242 1029 glorie

113 1059 279 1121 mersatur
295 1076 303 1118 :
322 1059 355 1121 et
370 1051 400 1120 si
417 1071 484 1136 qua
498 1051 612 1122 forsan
628 1071 670 1122 cx
694 1049 817 1122 nocuis
842 1049 981 1134 eloquiis
1006 1067 1123 1122 amara
1147 1054 1238 1125 oolli-

113 1160 249 1246 geretis,
274 1167 389 1230 tenere
403 1178 464 1228 uos
480 1159 640 1245 volumus,
657 1159 747 1244 quod
763 1179 805 1228 eu
821 1157 944 1226 amoris
960 1158 1136 1230 dulcedine
1151 1163 1241 1250 talis,

113 1265 302 1337 amaritudo
318 1267 482 1354 procedit,
500 1275 533 1337 et
556 1267 699 1338 finaliter
711 1267 754 1336 ab
771 1285 810 1334 eo
826 1274 924 1352 grate
939 1274 1098 1355 percepta
1114 1268 1242 1340 dulces·

114 1381 180 1444 cet.
206 1375 301 1444 Licet
324 1377 437 1460 itaque
452 1375 489 1444 in
503 1377 611 1462 primo
629 1376 734 1463 ipsius
750 1374 869 1462 Legati
883 1393 1058 1462 progressu
1069 1373 1242 1464 displicue-

114 1483 161 1552 rit
176 1483 274 1552 nobis
290 1489 323 1551 et
338 1485 475 1572 merito,
492 1484 580 1569 quod
597 1486 685 1554 sicut
700 1481 890 1552 audirimus
899 1532 909 1569 ,
926 1483 999 1552 Rex
1016 1484 1090 1572 ipse
1105 1485 1177 1554 cius
1193 1507 1243 1557 re·

113 1592 299 1662 formidans
323 1590 503 1664 adventum
528 1600 562 1660 et
586 1594 774 1676 ingressum
800 1590 915 1660 forsan
944 1589 1122 1678 dubitans,
1149 1595 1241 1664 illum

112 1699 300 1784 dicebatur,
326 1700 412 1785 quod
429 1701 530 1770 invite
547 1701 729 1788 referimus,
756 1699 934 1788 impedire;
960 1719 1032 1768 cum
1057 1723 1124 1771 non
1149 1701 1243 1774 dece·

111 1815 168 1879 ret
183 1809 227 1880 de
241 1815 336 1898 patre
352 1809 455 1878 fllium
469 1809 634 1896 dubitare,
651 1829 713 1878 nee
729 1809 879 1896 opinari,
904 1827 965 1877 seu
991 1809 1112 1880 debere
1128 1830 1244 1898 presu-

110 1937 225 2004 mere,
250 1916 338 2004 quod
361 1919 513 1988 Romana
528 1924 633 1986 mater
651 1918 897 2002 Ecclesiaste
923 1918 1077 1988 munifica
1093 1921 1243 2008 siugulis,

110 2047 182 2095 non
207 2025 317 2096 solum
341 2025 425 2096 filios
450 2026 693 2096 benedictionis
717 2035 812 2113 grate
829 2025 1067 2113 complectitur,
1084 2035 1118 2098 et
1133 2029 1244 2101 dulce·

108 2135 203 2204 dinis
219 2136 323 2204 lactat
337 2136 504 2222 uberibus,
516 2157 633 2206 rerum
650 2137 752 2204 ctiam
768 2133 1008 2220 oberrantibus,
1026 2143 1062 2204 ut
1077 2139 1241 2207 nemiuem

111 2261 177 2312 sue
201 2243 365 2328 relinquat
388 2245 607 2331 benignitatis
632 2253 823 2332 expertem,
849 2243 958 2329 potius
982 2245 1245 2315 mansuetudinis

109 2351 224 2420 sinum
239 2351 355 2440 pandit
372 2351 416 2419 ad
431 2355 584 2438 gratiam
601 2373 699 2437 quam
716 2355 750 2420 iu
766 2351 842 2419 illos
858 2349 1014 2420 iudicium
1030 2361 1186 2422 exerceat
1198 2357 1245 2423 ul·

106 2461 226 2546 tionis,
243 2461 278 2526 in
294 2480 368 2530 eum
385 2481 529 2548 seuleus,
557 2461 733 2547 quicquam
749 2460 814 2528 sibi
830 2460 984 2528 nocivum
1000 2459 1244 2545 transmitteret,

109 2569 170 2640 sel
196 2569 393 2639 celsitudini
417 2572 523 2658 Regio
547 2591 588 2640 ac
612 2573 727 2658 Regno
753 2569 914 2658 predicto,
932 2568 1019 2653 quod
1035 2569 1069 2636 in
1086 2571 1246 2640 memoria

108 2685 232 2748 nostra
246 2685 395 2748 muemus
405 2685 590 2766 acceptum,
606 2679 695 2766 quod
704 2679 829 2747 Christi
844 2677 1011 2745 ministros
1021 2677 1171 2764 producit
1181 2679 1246 2749 ele·

109 2794 189 2858 ctos
206 2795 241 2855 et
256 2787 345 2857 viros
360 2789 520 2876 religione
539 2787 712 2874 fecundos,
728 2787 865 2856 inclitos
880 2785 1054 2854 Catholice
1079 2783 1157 2854 fidei
1173 2807 1245 2874 pro-

106 2895 275 2981 fessores,
291 2902 326 2962 et
339 2897 374 2964 in
391 2916 456 2981 quo
472 2897 564 2984 degit
579 2897 764 2966 catholicus
780 2896 931 2982 populus,
942 2895 1170 2964 mandatorum
1180 2898 1246 2965 Do-

106 3003 198 3072 mini
214 3010 360 3072 sectator
376 3005 528 3090 eximius,
546 3005 885 3092 peregrinationibus,
905 3003 1095 3090 penitentiis
1119 3010 1154 3072 et
1169 3007 1246 3074 aliis

108 3113 184 3200 piis
208 3131 336 3181 vacans
362 3115 534 3202 operibus,
551 3121 648 3202 prout
665 3115 698 3182 in
715 3113 863 3202 pluribus
880 3112 1086 3197 experimur,
1102 3113 1247 3181 fomenta

106 3229 261 3307 negaret
283 3223 462 3309 propinare
486 3224 602 3292 salutis
620 3247 627 3288 :
649 3229 759 3291 mmen
775 3220 1009 3307 resumpsimus
1025 3220 1061 3288 in
1076 3225 1186 3288 mente
1200 3219 1247 3288 le·

104 3330 247 3415 titiam,
273 3335 441 3414 pauper
466 3329 599 3416 audito,
625 3331 714 3415 quod
729 3329 835 3414 Regia
850 3326 1024 3398 celsitudo
1039 3327 1248 3415 postmodum

102 3443 275 3522 ingressu
290 3437 370 3506 dicti
385 3438 504 3524 Legati
520 3447 689 3524 percepto,
704 3455 742 3505 se
757 3436 863 3523 ipsius
886 3433 1133 3506 inductionibus
1148 3445 1181 3504 et
1195 3455 1247 3504 sa·

102 3545 286 3614 luteribus
311 3544 443 3614 monitis
460 3544 579 3632 Regali
604 3545 856 3614 mansuetudine
882 3543 1114 3630 conformavit,
1131 3549 1164 3611 et
1178 3543 1248 3634 aui·

99 3673 208 3724 mum
224 3671 316 3721 suum
332 3651 377 3721 ad
394 3655 650 3740 omnipotentem
666 3653 852 3737 Dominum,
867 3660 903 3720 ut
918 3651 1104 3738 uidebatur,
1130 3651 1249 3720 devote

98 3767 331 3848 convertens,
348 3763 438 3831 dicta
453 3761 518 3830 sibi
534 3781 592 3849 per
609 3763 747 3831 eundem
759 3759 920 3847 Legatum
937 3767 1004 3829 tum
1022 3779 1122 3848 super
1137 3761 1248 3829 obser-

96 3869 259 3942 ratione
274 3870 354 3940 fidei
370 3891 410 3939 ac
434 3869 640 3940 decretorum
665 3877 700 3938 et
716 3870 988 3940 consuetudinum
1004 3869 1250 3957 progenitorum

93 3997 263 4062 suornm,
281 3983 313 4045 et
329 3980 579 4049 conservatione
604 3978 770 4049 libertatis
787 3980 1025 4058 ecclesiastice,
1043 3997 1141 4061 quam
1157 3976 1250 4044 bere·

92 4093 261 4160 ticomm
277 4088 472 4176 expulsione
489 4087 530 4156 de
545 4089 659 4172 Regno
684 4085 845 4176 predicto,
869 4105 1024 4170 serrare,
1045 4105 1085 4153 ac
1101 4087 1137 4154 iu
1153 4087 1250 4154 terrie

94 4200 193 4272 suis
209 4197 341 4266 servari
356 4197 476 4283 lacere,
492 4216 593 4284 super
608 4199 735 4283 altare,
752 4197 852 4266 tactis
867 4195 1050 4280 evangeliis
1059 4245 1069 4282 ,
1089 4195 1250 4281 promisit,

89 4306 278 4399 quodque
303 4303 408 4394 ipsius
434 4307 552 4391 Legati
576 4305 702 4374 monitu
726 4323 827 4391 super
862 4303 1058 4371 liberatione
1086 4301 1251 4370 (ibristia-

90 4434 251 4500 norum,
277 4433 360 4500 quos
377 4413 513 4482 Cumani
537 4418 570 4480 et
594 4414 652 4482 alii
678 4415 802 4500 pagani
829 4411 889 4480 snb
910 4412 1069 4480 servitute
1084 4409 1250 4485 tenebant,

89 4524 271 4608 benigue
295 4523 514 4610 recolligens,
540 4521 628 4606 quod
654 4521 860 4592 christianos
886 4519 1141 4587 aOumanorum
1157 4517 1250 4582 obse-

87 4633 212 4726 quiis
227 4629 415 4700 retraheret
423 4681 433 4718 ,
463 4629 549 4716 quod
564 4629 777 4717 compelleret
792 4629 957 4698 cumanos
973 4625 1018 4694 ad
1033 4621 1249 4692 habitandum

166 4751 608 4802 nosou.uusc.a1sr.c1sn.-s.
993 4730 1034 4798 13
