3142 5170
599 347 758 458 2³]-

114 541 180 633 (et)
197 542 346 632 possedit
361 547 558 614 inconcusse
575 547 617 614 ab
635 549 780 634 antiquo,
799 553 832 615 et
848 547 890 615 ab
909 541 1156 631 omnibus'j'illiq
1172 544 1243 629 qui·

111 654 175 724 bur
190 654 300 738 villas,
317 672 377 724 seu
394 655 626 742 possessiones
643 656 852 746 supradictas
872 653 1132 740 contuleramus,
1148 672 1243 723 rere·

112 783 228 832 carnus
244 784 303 851 per
318 771 502 849 presentes,
529 771 562 832 et
578 765 707 834 litteras
723 773 867 852 nostras,
886 763 1011 833 eisdem
1027 783 1128 850 super
1145 760 1241 832 dictis

113 871 385 956 possessionibus
402 880 588 960 emanatas,
604 893 719 943 carme
740 875 946 945 decernimus
962 881 996 940 et
1010 874 1128 940 inanes
1145 877 1179 940 et
1194 872 1241 938 in·

110 981 203 1050 ribus
217 982 349 1066 penitus
366 983 537 1052 carituras.
548 984 586 1050 In
603 985 696 1071 cujus
712 987 762 1055 rei
776 984 965 1052 memoriam
983 989 1241 1068 perpetuamque

109 1087 299 1158 firmitatem
309 1097 481 1177 presentes
492 1094 715 1160 concessimus
730 1093 844 1162 literar
861 1091 1002 1180 duplicis
1018 1089 1119 1176 sigilli
1134 1087 1239 1156 nostrl

110 1197 290 1266 munimine
314 1201 495 1268 roboratas.
520 1201 642 1268 Datum
670 1202 703 1267 in
727 1202 886 1288 Apoldija
917 1199 1082 1280 inferiori,
1099 1202 1139 1285 ¹in
1154 1197 1240 1266 ferto

110 1309 224 1374 Sancti
249 1309 346 1392 Egidl
361 1309 515 1392 Abbatis,
542 1329 601 1396 per
626 1329 743 1378 manns
771 1308 967 1378 venerabilis
984 1308 1100 1394 panis,
1116 1304 1239 1391 domini

112 1415 279 1502 Gregorij,
295 1415 360 1485 Del
374 1417 488 1504 gracia
503 1415 661 1504 Episcopi
678 1419 940 1502 Olranadiensis‚
967 1417 1043 1510 aule
1058 1421 1170 1484 nostre
1186 1412 1239 1478 Vi-

110 1522 378 1612 ‹ce-cancellarij,
397 1525 507 1594 dilecti
524 1534 556 1593 et
571 1525 678 1596 fidelis
695 1528 807 1612 nostri,
825 1547 913 1596 auno
929 1525 1063 1594 Domini
1077 1521 1239 1593 M⁰.O⁰O⁰.

112 1633 319 1716 octogesimo
345 1653 448 1718 nono,
468 1635 576 1719 Regni
597 1643 706 1703 autem
723 1635 828 1703 nostri
844 1654 930 1703 anno
946 1633 1073 1701 decimo
1090 1632 1240 1717 septimo.

124 1827 254 1884 ‘leutsch
268 1827 299 1884 ds
311 1829 483 1916 Firuhaber,
498 1829 735 1888 Urlnuudenbuch
747 1849 772 1889 n.
786 1829 822 1887 G.
835 1828 970 1888 Sicbenb.
984 1829 1005 1884 l.
1019 1785 1078 1888 ket'.
1090 1828 1150 1884 146.
1164 1829 1183 1880 l.
1197 1827 1241 1884 An

204 1919 344 1994 okmdnyt
356 1917 477 1980 liutran
491 1923 560 1980 adta
573 1922 602 1976 lri
616 1922 702 1994 Fejdr
715 1919 783 1978 (lod.
798 1922 868 1992 Dipl
881 1921 916 1976 V.
930 1921 957 1976 k.
972 1921 996 1975 3.
1010 1939 1033 1976 r.
1046 1917 1099 1976 454
1113 1919 1146 1990 l.)

645 2756 719 2822 215.

114 2955 176 3019 IV.
196 2953 312 3020 Ldselo'
319 2953 426 3042 leirdly
438 2954 544 3041 Gyoui
555 2954 671 3020 Miller
688 2959 719 3018 de
735 2955 844 3022 Errdre
858 2954 1039 3042 prosolcrcak
1055 2954 1242 3042 vinazaadja

110 3063 256 3126 Gornord
269 3066 348 3127 ncor'l
362 3063 553 3146 birtolcnlcat,
570 3062 680 3149 malpel
697 3063 731 3126 V.
743 3063 849 3163 lutecia
860 3063 968 3150 kirtly
984 3087 1005 3128 a
1019 3064 1156 3127 lcaralcoi
1174 3084 1241 3124 oen·

410 3172 568 3259 ddqckoclc
584 3171 832 3258 adorndoyozott.
855 3174 951 3238 1289.

227 3369 402 3439 Ladislaus
427 3419 537 3436 .....
564 3369 651 3453 quod
677 3369 836 3437 Nicolaus
862 3375 895 3438 et
921 3371 1072 3438 Andreas
1100 3365 1242 3437 Comites

111 3480 175 3548 lilii
190 3479 319 3547 Andree
336 3479 379 3546 de
390 3477 485 3566 Gyen
496 3480 539 3546 ed
552 3485 694 3547 nostram
711 3480 909 3548 accedentes
921 3480 1125 3565 presenciam
1137 3495 1239 3561 quan-

109 3591 193 3656 dam
219 3596 340 3656 terram
365 3588 508 3658 Gomord
537 3595 687 3656 vocatam
710 3589 800 3655 iuxta
824 3585 957 3655 flurium
975 3589 1084 3657 Morus
1101 3586 1242 3654 existen-

108 3705 191 3780 tem,
209 3696 393 3782 hospitibus
411 3697 453 3763 de
472 3695 628 3766 Kerolou
646 3715 705 3782 per
721 3696 888 3762 dominum
906 3697 1028 3782 Regem
1039 3693 1242 3781 Stephanum

109 3803 329 3872 karissimum
354 3813 482 3890 patrem
499 3811 645 3872 nostrum
663 3805 837 3885 collatam,
866 3824 962 3888 qnam
980 3803 1111 3887 quidem
1128 3821 1242 3888 proge-

108 3915 257 3980 nitorum
275 3933 406 3982 snorum
418 3912 650 3982 hereditariam
670 3932 744 3979 esse
761 3920 793 3978 et
810 3913 914 3981 luisse
930 3919 1096 3996 asserunt,
1115 3918 1148 3979 et
1165 3912 1244 3978 olim

108 4020 157 4086 ab
173 4021 298 4088 eisdem
316 4019 503 4106 alienatam,
522 4021 647 4090 anobis
664 4019 829 4089 humiliter
840 4021 1057 4108 supplicando
1068 4019 1133 4087 sibi
1149 4020 1246 4087 reddi

110 4135 146 4197 et
162 4129 294 4197 restitui
310 4131 527 4216 postularunt.
554 4131 675 4198 Verum
696 4131 774 4215 quia
790 4150 851 4198 uns
868 4131 975 4218 ipsam
991 4137 1114 4196 terram
1132 4149 1173 4195 cx
1189 4147 1245 4196 ue-

108 4237 224 4305 ridica
238 4239 404 4306 relacione
421 4259 557 4324 quorum
568 4240 786 4327 comperimus
799 4237 1045 4328 progenitorum
1063 4238 1256 4304 eorundem¹

110 4345 250 4414 Nicolai
277 4354 309 4414 et
335 4349 466 4417 Andree
492 4348 652 4416 (lomitum
680 4367 755 4416 esse
781 4357 813 4416 ct
830 4348 933 4417 fnisse
949 4344 1184 4414 hereditariam
1200 4346 1243 4412 ab

108 4457 254 4538 antiqno
264 4505 275 4540 ,
299 4465 331 4522 et
359 4457 401 4524 ab
419 4457 546 4524 eisdem
572 4475 645 4524 esse
662 4457 860 4540 alienatam3
878 4463 911 4522 ct
933 4456 1009 4538 qula
1025 4457 1077 4521 ius
1095 4452 1244 4538 requirit,

109 4565 244 4649 equitas
262 4566 390 4650 suadet,
407 4575 442 4633 et
459 4566 604 4633 calculus
621 4564 771 4650 deposcit
786 4565 935 4650 racionis,
953 4570 988 4630 ut
1004 4562 1168 4650 quispiam
1185 4580 1244 4627 suo

118 4675 193 4740 iure
209 4673 377 4759 puciatur,
405 4683 438 4743 et
454 4695 515 4742 nos
533 4693 792 4757 unumquemque
808 4673 900 4740 iuxta
916 4671 1059 4740 cilicium
1077 4670 1180 4738 nostri
1198 4688 1247 4734 re·

179 4797 282 4840 ιιοιιιιιι.
295 4799 374 4841 rinno.
386 4799 452 4841 rnen.
463 4819 491 4828 —
505 4801 575 4842 niun.
587 4799 606 4841 e.
970 4855 973 4862 1
1029 4781 1072 4849 22
