3116 5166
687 937 745 1002 56.

140 1153 208 1216 ΙΙΙ.
234 1151 355 1218 Mr'lclds
378 1155 469 1239 popa
495 1151 616 1219 dedet
626 1163 756 1256 'mestert
771 1175 792 1217 a
801 1154 1089 1242 pope'jdoedelmek
1105 1156 1275 1239 tiasdduek,

139 1263 223 1348 moly
248 1285 269 1328 u
293 1272 378 1328 secut
396 1261 476 1347 feld
490 1265 674 1350 eepttee‘pdre
693 1263 916 1350 fordittcoadlc,
942 1263 1153 1332 desecasset
1167 1264 1276 1330 toodbd

543 1374 572 1436 is
586 1371 753 1458 mepbizaa.
771 1373 868 1436 1278.

249 1585 404 1654 Nicolans
420 1586 606 1674 Episcopus
623 1607 741 1656 seruus
758 1607 933 1658 seruorum
945 1588 1006 1657 Del
1018 1585 1201 1658 venerabili
1211 1587 1275 1654 ira·

139 1693 182 1759 tri
197 1694 361 1779 Magistro
379 1693 529 1763 cerardo
545 1697 587 1763 de
603 1695 737 1783 Mutina,
755 1697 966 1764 Snbdiacono
984 1703 1017 1765 et
1032 1695 1193 1781 Scriptori
1217 1716 1273 1764 no

138 1807 209 1868 stro
219 1853 229 1887 ,
247 1804 423 1872 collectori
447 1803 573 1872 decime
598 1805 632 1872 in
648 1804 818 1890 Ungaria,
837 1805 975 1873 Polonia
991 1812 1024 1872 et
1040 1803 1274 1872 adiacentibus

138 1910 320 1993 prouinciis
345 1918 433 1978 terre
459 1919 577 1980 sancte
604 1914 752 1981 subsidio
780 1915 954 1998 deputate,
982 1912 1122 1980 salntem
1139 1919 1173 1980 et
1187 1912 1274 1995 Apo·

138 2017 293 2084 stolicam
328 2019 600 2088 benedictionem.
638 2021 761 2089 Felicis
790 2021 1034 2090 recordationis
1060 2014 1273 2106 d(regorius)

136 2144 246 2210 papa,
264 2125 480 2212 predecessor
503 2135 614 2195 noster
639 2129 718 2196 olim
744 2131 950 2216 approbante
976 2129 1125 2198 coneilio
1141 2125 1272 2211 Lugdu-

136 2231 233 2300 nensi
260 2233 422 2300 decimam
439 2235 580 2302 omnium
605 2236 907 2305 ecclesiasticorum
935 2236 1122 2305 reddituum
1148 2241 1181 2302 st
1201 2253 1274 2320 pro

137 2345 293 2408 ventunm
318 2345 362 2410 ud
386 2349 473 2410 terre
497 2351 612 2410 sancte
638 2345 821 2412 subsidium
848 2365 908 2431 per
935 2363 993 2412 sex
1018 2363 1135 2425 annos,
1151 2362 1173 2409 a
1187 2342 1273 2409 festo

136 2448 329 2516 Natiuitatis
358 2450 453 2518 Beati
469 2451 635 2522 Johannis
652 2452 802 2538 Baptista
819 2459 897 2520 tnnc
913 2457 1080 2520 transacto
1095 2448 1273 2518 novissime

135 2557 369 2643 numerandos,
381 2561 554 2646 concessit,
565 2559 689 2643 tibique
706 2561 812 2628 dictus
835 2560 1062 2646 predecessor,
1080 2567 1113 2627 et
1128 2563 1273 2646 postmo-

135 2663 215 2730 dum
231 2667 286 2752 pie
311 2669 548 2738 recordationis
578 2670 749 2738 Jobannes
778 2673 881 2756 Papa,
908 2669 1125 2755 predecessor
1152 2673 1272 2752 noster,

134 2772 208 2839 suis
235 2775 397 2844 dederont
428 2780 547 2846 litteris
575 2777 608 2844 in
624 2778 798 2861 mandatis,
828 2785 864 2845 ut
880 2779 1026 2864 predicte
1042 2777 1170 2844 decime
1186 2775 1274 2844 colli·

135 2882 247 2964 gende
257 2883 293 2950 in
306 2884 603 2974 Ungaria,Poloula
617 2893 649 2954 et
660 2887 888 2954 adiacentibus
899 2885 1078 2973 provinciis
1089 2883 1273 2968 subscripto

135 2990 394 3062 modosollicitc
406 3015 515 3063 curem
533 3015 687 3081 gerercs3
705 2995 858 3063 videlicet
873 3002 907 3060 ut
922 2994 955 3060 in
972 2993 1109 3078 singulis
1127 2991 1274 3061 Civitati-

135 3095 1273 3183 busetDiocesibuspartinmearumdemdeconsiliolocorumOrdina.

134 3209 189 3296 rii,
206 3219 264 3280 ant
280 3217 350 3280 eins
367 3215 472 3282 vicem
488 3215 644 3299 gerentis,
656 3215 686 3282 si
702 3214 900 3282 diocesanos
916 3215 987 3297 ipse
1003 3213 1125 3278 absens
1137 3207 1229 3292 foret,
1240 3213 1274 3273 et

136 3323 276 3390 duorum
294 3321 535 3404 fidedignorum
552 3323 592 3390 de
603 3324 755 3391 Ecclesia
768 3319 959 3389 Oatbedrali
970 3320 1223 3386 constitutorum
1238 3317 1273 3384 in

135 3431 369 3516 dignitatibus,
387 3451 446 3499 seu
462 3433 599 3500 aliorum
617 3432 728 3516 quoad
744 3453 809 3498 non
836 3435 1019 3515 exemptos,
1038 3426 1147 3510 quoad
1164 3443 1272 3492 exem-

132 3545 214 3625 ptos
239 3559 318 3607 sero
342 3541 385 3606 de
412 3540 548 3610 consilio
574 3541 765 3623 aliquorum
791 3541 1047 3624 presbiterorum
1064 3534 1106 3601 de
1122 3538 1273 3600 contrata

133 3649 318 3733 deputares
335 3649 421 3716 duas
438 3667 599 3733 personas
617 3649 691 3732 fide,
712 3647 937 3728 facultatibus,
951 3641 1272 3712 sitalcsinveniren-

132 3763 192 3822 tur
207 3755 351 3841 comode,
377 3779 417 3825 ac
445 3759 531 3825 alias
547 3757 699 3845 ydoneos
716 3757 762 3823 ad
778 3753 983 3822 collectionis
1010 3749 1198 3818 huiusmodi
1213 3749 1271 3815 mi-

131 3866 311 3932 nisterium
329 3867 558 3951 exequendum
576 3889 584 3931 :
601 3866 796 3933 collectores
813 3882 905 3946 vero,
925 3880 1007 3946 quos
1024 3865 1061 3926 ut
1077 3858 1274 3944 premittitur

127 3975 335 4059 deputares,
353 3977 415 4044 sub
442 3975 547 4043 forma
564 3978 673 4043 iurare
691 3975 819 4041 faceres
839 3973 875 4038 in
892 3970 1016 4040 eisdem
1032 3968 1154 4036 litteris
1169 3987 1272 4035 anno·

129 4089 222 4165 tata,
249 4091 283 4150 et
310 4092 345 4150 nt
361 4093 396 4150 tu
420 4084 654 4152 nichilominus
678 4093 790 4170 partes
807 4082 966 4148 circuires
983 4079 1118 4147 eusdem
1135 4076 1273 4160 diligen-

127 4193 204 4258 tius
228 4197 452 4278 scrutaturus,
478 4193 620 4276 qualitor
636 4193 667 4256 in
684 4211 788 4258 comm
796 4191 866 4257 isso
883 4189 947 4256 sibi
964 4188 1051 4256 dicte
1069 4183 1273 4254 collectionis

127 4297 247 4370 officio
264 4299 366 4366 iidem
382 4319 420 4366 se
436 4300 630 4369 collectores
640 4299 813 4382 haberent,
824 4299 970 4383 qualiter
985 4296 1069 4382 ipsis
1086 4294 1128 4360 de
1144 4293 1273 4360 decima

128 4407 320 4478 satisfieret
336 4410 527 4496 supradicta
537 4457 546 4493 ,
563 4410 800 4492 collectamque
826 4426 885 4494 per
901 4406 976 4473 illos
993 4425 1035 4472 ex
1053 4402 1181 4471 decima
1197 4399 1273 4484 ipsa

130 4519 317 4606 pecuniam
333 4516 375 4584 de
390 4517 609 4605 predictorum
635 4516 803 4600 ordinarii,
822 4522 857 4582 et
872 4517 1014 4583 aliorum
1030 4505 1168 4578 consilio
1184 4505 1271 4574 tace·

127 4645 192 4695 res
208 4645 270 4712 per
287 4627 480 4696 collectores
496 4625 629 4696 eosdem
645 4625 678 4690 in
695 4625 775 4692 tutis
791 4623 874 4692 locis
891 4624 946 4692 vel
962 4624 1034 4689 loco
1052 4615 1191 4702 deponi:
1209 4610 1271 4680 tibi
