3116 5166
496 1179 533 1264 4)
557 1176 587 1244 A
601 1181 690 1266 pcipe
705 1177 797 1244 levcle
812 1175 957 1243 meretoc
972 1197 1107 1263 mappae·
1120 1176 1334 1264 kirdlyoedoc.

459 1393 619 1466 Nicotaus
635 1393 821 1482 Episcopus
838 1411 955 1461 semus
972 1413 1139 1462 seruorum
1157 1392 1241 1477 Dei,
1258 1395 1421 1461 carissime
1434 1393 1460 1460 in

353 1504 482 1572 Christo
509 1503 576 1572 tilia
600 1555 607 1570 .
632 1555 639 1569 .
665 1553 674 1571 .
698 1505 824 1590 Regino
849 1503 995 1590 Ungarie
1021 1503 1147 1571 Illustri
1174 1504 1315 1570 salutem
1342 1513 1374 1569 et
1388 1504 1460 1586 Apo

352 1611 504 1681 stolieam
521 1611 792 1679 benedictionem.
809 1613 848 1679 In
865 1610 1020 1679 eminenti
1037 1609 1130 1678 Sedis
1141 1611 1332 1698 Apostolice
1342 1609 1462 1696 specula

352 1719 546 1807 disponente
562 1719 713 1804 Domino,
731 1719 908 1803 constituti,
925 1717 1034 1786 domui
1050 1718 1166 1798 Israel,
1187 1719 1350 1787 universis
1366 1717 1460 1785 videti·

352 1838 404 1895 cet
419 1829 625 1912 Christianis,
643 1828 698 1913 qui
713 1826 788 1895 fidei
801 1827 906 1895 oculis
931 1827 1036 1892 Deum
1054 1827 1174 1914 vident,
1202 1835 1359 1911 quantum
1382 1825 1461 1894 nobie

353 1955 393 2002 ex
419 1937 484 2002 alto
501 1935 709 2019 conceditur,
727 1947 919 2021 oportunum
937 1935 1156 2019 speculatoris
1173 1933 1316 2002 officium
1334 1933 1461 2020 imperti·

351 2063 434 2126 mur,
450 2049 485 2109 et
501 2061 572 2110 oum
587 2036 808 2126 indulgetura
824 2043 945 2110 Divina
962 2041 1145 2130 clementie,
1162 2049 1353 2110 reverenter
1367 2044 1407 2109 ad
1418 2061 1462 2108 cor

352 2151 455 2217 altum
471 2151 672 2235 accedimus,
689 2159 724 2218 ut
738 2171 859 2218 nomen
876 2149 1010 2219 Domini
1027 2149 1279 2219 Sanctissimnm
1295 2158 1363 2219 tem
1379 2151 1410 2218 in
1423 2171 1461 2216 re·

352 2259 449 2327 motis
465 2256 580 2326 extolli
594 2259 753 2345 partibus,
771 2279 867 2345 quam
884 2260 917 2326 in
933 2260 1051 2327 vicinis
1068 2260 1169 2326 etiam
1183 2279 1403 2347 procuremus,
1417 2277 1462 2342 cp·

351 2371 509 2451 ponentes
540 2387 671 2435 manum
704 2375 816 2435 nostre
846 2367 1077 2455 possibilitatis
1111 2367 1154 2435 ad
1186 2389 1348 2456 operam,
1380 2385 1460 2453 qnam

352 2493 522 2561 speramus
547 2475 580 2541 in
609 2477 750 2543 excelsis
781 2475 852 2544 fore
876 2477 1061 2564 placidam,
1088 2483 1122 2542 et
1148 2475 1306 2545 interris
1332 2477 1460 2543 novimus
1535 2479 1536 2488 ’

351 2593 553 2669 oportunam.
584 2587 736 2652 Summus
761 2585 891 2669 quidem
917 2585 1004 2652 orbis
1031 2583 1141 2670 opifex
1167 2592 1200 2652 et
1224 2583 1378 2650 universe
1402 2601 1460 2650 oon·

351 2690 437 2758 ditor
462 2698 612 2761 creature
635 2699 822 2761 terrestrem
847 2693 989 2780 patriam
1018 2691 1182 2777 disposuit
1198 2691 1260 2757 sub
1275 2691 1412 2779 provida
1425 2689 1460 2756 di·

351 2799 515 2870 scretionc
539 2802 736 2885 Regnorum,
763 2821 866 2886 eaque
893 2800 1041 2870 consulte
1062 2801 1164 2870 voluit
1189 2798 1289 2887 dirigi
1305 2807 1338 2868 ct
1354 2797 1461 2868 salubri

351 2906 509 2990 regimine
534 2901 729 2993 gubernari,
757 2929 799 2975 ne
816 2915 997 2977 creaturam
1015 2907 1190 2974 humanam
1206 2909 1307 2994 paulo
1324 2907 1462 2976 minoren

352 3015 481 3100 angelis
491 3065 500 3098 ,
528 3033 591 3098 que
616 3017 666 3083 sui
693 3017 850 3083 creatoris
866 3015 1054 3103 ymaginem
1073 3023 1106 3083 et
1122 3017 1358 3085 similitutinom
1372 3032 1462 3104 repre·

350 3127 468 3200 santet,
485 3127 708 3209 tempestuosa
732 3119 942 3191 fluctuatione
970 3123 1139 3208 mixtaque
1165 3123 1419 3202 confunderent,
1440 3125 1464 3185 et

350 3248 409 3298 sne
437 3230 555 3313 quietis
573 3229 810 3299 beatitudinem
835 3231 1054 3318 impedirent3
1072 3231 1251 3317 quinimmo
1276 3239 1312 3298 ut
1330 3231 1463 3298 omnibus

350 3336 410 3404 sub
435 3335 514 3405 iuris
540 3345 574 3405 et
598 3339 782 3408 honestatis
807 3341 924 3426 regula
940 3339 1101 3424 limitetis,
1118 3338 1240 3426 singuli
1258 3341 1328 3408 vita
1345 3337 1464 3427 pacifice

349 3446 498 3514 viverent
514 3454 546 3513 et
562 3447 605 3514 ab
621 3446 755 3514 offensis
781 3449 974 3516 alterutrum
991 3450 1216 3535 abstinerent,
1242 3468 1400 3532 suumque
1423 3445 1462 3512 fa·

351 3559 472 3619 ctorem
489 3553 609 3620 affectu
625 3553 770 3621 naturali
787 3565 1035 3641 cognoscerent,
1052 3557 1215 3640 cognitum
1228 3557 1375 3625 colerent
1390 3561 1463 3620 etro

349 3665 500 3728 verenter
511 3661 631 3728 Divino
644 3663 784 3749 Imperio
801 3663 1018 3732 subiacerent.
1034 3663 1173 3733 Demum
1190 3684 1268 3733 vero
1284 3663 1372 3733 idem
1386 3669 1463 3750 pater

350 3767 529 3836 altissimus
546 3789 588 3835 ex
604 3771 671 3837 alto
687 3771 896 3856 prospiciens
913 3774 1079 3860 populum,
1097 3791 1193 3856 quem
1205 3779 1389 3858 curaverat,
1404 3787 1461 3857 pro·

349 3875 509 3960 tlroplasti
536 3877 656 3945 delicto
683 3879 930 3964 dampnationis
948 3879 1146 3948 sententiam
1173 3881 1369 3963 incurrisse,
1386 3895 1461 3946 snum

350 3982 508 4050 dilectum
525 3986 727 4070 unigenitum
743 3986 998 4055 misericorditer
1014 3988 1047 4053 in
1064 3989 1217 4056 mundum
1234 4010 1295 4076 pro
1312 3987 1409 4077 ipsine
1422 4003 1460 4051 re·

349 4091 536 4176 demptione
562 4095 675 4179 populi
700 4093 899 4180 destinarit,
917 4096 973 4180 qui
989 4115 1122 4166 carnem
1139 4103 1250 4166 nostre
1267 4093 1459 4166 mortalitatis

349 4199 493 4285 indutus,
511 4202 649 4269 eundem
665 4203 818 4288 populum
836 4206 879 4272 ab
897 4213 1009 4273 eterno
1026 4205 1171 4273 cruciatu
1195 4206 1310 4275 mortis
1329 4207 1460 4292 eriperet,

349 4315 382 4376 et
405 4309 607 4392 redemptum
632 4330 692 4378 suo
717 4312 861 4397 pretioso
888 4314 1048 4400 sangnine
1065 4314 1223 4384 salvaret.
1242 4315 1312 4383 Nos
1330 4315 1421 4401 igitur
1433 4311 1459 4374 in
1529 4331 1530 4389 g

349 4416 413 4483 hac
428 4419 576 4486 terrestri
591 4419 710 4504 patria,
728 4429 892 4505 qnatenus
908 4423 1085 4508 possimus,
1102 4431 1305 4508 exequentes
1322 4425 1406 4491 vices
1420 4417 1461 4502 ip·

348 4527 426 4610 sius,
442 4524 590 4595 levamus
607 4526 718 4613 vigilis
735 4549 824 4598 more
840 4532 985 4616 postoris
1001 4535 1069 4598 tam
1082 4550 1259 4618 corporeos
1276 4553 1372 4616 qnam
1388 4545 1462 4594 men·

351 4633 436 4701 tales
464 4637 577 4704 oculos
604 4635 639 4706 in
666 4635 823 4720 circuitu,
849 4637 961 4725 visuri,
988 4638 1068 4726 quid
1084 4637 1178 4728 gregi
1194 4642 1367 4709 commisso
1381 4635 1463 4708 nobis
1528 4657 1529 4695 r
