3116 5166
581 353 743 456 2⁷„

1 555 2 596 ³
97 561 160 640 tut,
174 551 234 640 filij
251 551 390 623 comitis
404 551 539 638 Ipolyti,
550 550 678 618 nobiles
694 549 736 617 de
751 551 848 638 Elya,
861 549 978 620 fideles
994 549 1108 636 nostri,
1123 569 1225 636 quan·

97 661 175 738 dam
199 667 324 730 terram
348 660 426 727 olim
453 659 699 738 tauaruicornm
725 666 907 726 nostrorum
932 659 1047 727 Fonou
1073 665 1227 728 uocatam

96 787 231 836 uacuam
249 776 282 838 et
297 768 559 836 habitationibus
575 767 772 841 destitutam
789 787 809 834 a
825 773 939 834 nostra
953 766 1156 836 Celsitudine
1172 789 1229 854 pe·

2 896 3 901 ’
100 877 215 946 tierint
230 877 296 945 sihi
321 875 413 959 dari,
438 895 565 960 nosque
582 875 660 960 quia
677 877 719 943 dc
737 877 888 944 eiusdem
904 882 992 943 terre
1009 877 1171 960 qualitate
1187 896 1228 944 ac

97 985 365 1069 circumstancijs
389 983 487 1070 plene
503 1005 569 1052 non
586 987 782 1069 constabat,
809 987 853 1053 ad
868 985 1055 1053 habandam
1071 985 1227 1054 noticiam

95 1096 278 1181 planiorem
289 1092 447 1160 fidelibus
457 1091 578 1160 nostris
589 1094 713 1160 Abbati
725 1101 756 1161 et
767 1091 949 1161 Conventui
964 1093 1156 1179 Monasterij
1169 1093 1229 1180 Sy-

95 1201 269 1288 migiensis
297 1221 397 1289 super
423 1201 486 1268 hoc
513 1199 665 1270 dedimus
695 1203 728 1268 in
755 1202 929 1270 mandatis.
945 1202 1008 1282 Qui
1023 1199 1230 1287 postmodum

95 1311 194 1380 nobis
211 1313 244 1380 in
261 1313 330 1380 suis
347 1313 587 1396 rescripserunt
604 1309 724 1378 litteris
740 1311 775 1377 in
790 1311 851 1378 hec
867 1312 990 1378 uerba:

201 1418 489 1488 Excellentissimo
506 1421 637 1489 domino
653 1439 712 1486 suo
730 1419 960 1486 LadizlaoDei
976 1420 1089 1505 gracia
1106 1419 1228 1488 Illustri

95 1528 183 1613 Regi
198 1528 344 1614 Vugarie
360 1526 548 1596 Gonuentus
566 1527 679 1596 Sancti
697 1526 811 1612 ligidij
829 1526 871 1592 de
888 1527 1045 1613 Symigio,
1058 1529 1230 1596 oraciones

97 1639 133 1702 in
146 1636 289 1705 Domino
307 1635 439 1702 debitas
450 1641 484 1702 et
493 1633 640 1702 deuotus.
653 1633 810 1719 Receptis
822 1632 940 1701 litteris
951 1635 1068 1702 Vestre
1077 1636 1230 1703 Maiesta-

93 1744 141 1809 tis
161 1764 236 1810 cum
247 1742 417 1810 Gabriano
437 1743 607 1827 deMyrey
624 1741 757 1809 homine
776 1747 899 1828 vestro,
920 1742 1049 1810 fidelem
1066 1745 1230 1813 hominem

94 1857 247 1918 nostrum
257 1850 406 1919 misimus
416 1872 475 1938 pro
486 1852 678 1920 testimonio
693 1851 737 1917 ad
753 1851 1022 1918 reamhulandam
1038 1858 1159 1920 terram
1170 1854 1231 1922 Fo-

94 1979 165 2027 nou
182 1966 337 2028 uocatam
368 1959 611 2026 tanarnioornm
629 1965 814 2026 vestrorum
829 2009 838 2044 ,
855 1979 954 2044 quam
970 1961 1128 2046 magister
1143 1961 1234 2045 Vgra

94 2074 131 2134 et
142 2067 264 2135 fratres
275 2065 835 2154 sui,fi1ij00misis1polytiavesna
847 2067 1232 2154 graciapetiueruntsibi

95 2175 185 2243 dari.
218 2175 283 2254 Qui
308 2173 519 2260 postmodnm
545 2194 686 2267 opacum
703 2177 818 2243 eodem
837 2177 971 2244 homine
987 2183 1097 2244 uestro
1113 2176 1157 2246 ad
1173 2195 1232 2243 nos

94 2282 266 2352 redientes
291 2282 462 2368 dixerunt,
489 2283 578 2366 quod
603 2283 795 2353 convocatis
811 2283 931 2352 vicinis
947 2292 980 2350 et
996 2285 1229 2352 commetancis

93 2391 284 2480 predictam
311 2397 430 2458 terram
456 2393 570 2460 Fonou
594 2393 864 2473 reambularunt‚
882 2399 916 2460 et
932 2392 1073 2461 eandem
1088 2413 1229 2462 vacuam

93 2503 292 2570 inuenerunt
301 2506 336 2568 et
350 2501 438 2568 nullo
455 2501 696 2570 contradictore
712 2507 874 2588 aparente
891 2507 1079 2570 statuerunt
1094 2500 1185 2588 Vgra
1200 2507 1234 2570 et

92 2609 261 2678 fratribus
286 2610 366 2694 suis,
383 2609 461 2695 hlijs
479 2607 614 2678 Comitis
631 2608 764 2698 Ipolyti,
781 2610 874 2676 iuxta
891 2607 1108 2679 collacionem
1123 2614 1234 2680 vestm

93 2719 338 2806 Magnitudinis
354 2717 601 2806 possidendam.
789 2797 793 2804 .

212 2828 282 2895 Nos
299 2827 412 2911 itaquo
427 2826 607 2896 eorundem
622 2825 777 2909 Magistri
794 2827 882 2914 ligra
904 2831 936 2894 ct
950 2827 1087 2896 fratrum
1102 2846 1236 2898 suorum

89 2935 257 3026 precibus
274 2933 426 3002 inclinati
442 2933 586 3020 ipsorum
603 2933 779 3001 famulatus
807 2941 840 3002 et
865 2935 1026 3022 seuricia,
1052 2954 1117 3019 que
1139 2937 1234 3004 nobis

88 3046 131 3114 in
152 3041 296 3114 dirersis
312 3043 421 3128 Regni
435 3045 537 3110 nostri
557 3043 719 3128 negocijs,
736 3041 880 3110 maxime
897 3044 931 3112 in
948 3043 1163 3132 expedicione
1178 3062 1234 3110 uo·

88 3162 173 3222 stra
189 3159 305 3220 eontra
319 3154 446 3236 Regem
463 3149 597 3218 Bocmie
613 3149 739 3236 hahita,
750 3156 783 3215 et
798 3149 889 3220 felici
899 3151 1234 3236 victoriaterminata,

85 3266 174 3352 ipso
192 3264 283 3350 Rege
298 3261 433 3330 Bocmie
449 3260 483 3328 iu
499 3261 678 3328 certamine
696 3261 794 3346 prolij
812 3261 1008 3347 interempto
1023 3257 1236 3330 laudabiliter

86 3369 343 3458 impenderunt,
370 3367 641 3438 consideracione
666 3369 802 3454 Regalis
821 3371 1039 3456 prouidencie
1055 3367 1235 3438 attenden-

83 3489 164 3564 tes,
183 3479 218 3545 in
235 3479 367 3566 siguum
384 3477 627 3564 recogniciouis
643 3477 756 3564 Regis,
774 3479 889 3545 nonin
906 3483 1065 3564 premium
1091 3495 1237 3550 remune-

81 3587 248 3658 racionis
264 3593 414 3674 accepte,
432 3587 598 3674 prefatam
616 3593 739 3654 terram
755 3586 872 3653 Fonou
888 3592 1041 3654 uocatam
1057 3582 1192 3666 eisdem,
1204 3587 1239 3650 et

84 3717 158 3784 per
178 3716 239 3766 eos
255 3696 325 3764 suis
342 3694 520 3764 heredibus
536 3695 758 3778 heredumque
775 3713 907 3762 suorum
923 3689 1167 3760 successoribus
1183 3691 1237 3758 de·

80 3807 225 3887 dimus,
240 3803 457 3890 donauimus,
474 3809 508 3873 et
523 3803 717 3870 contulimus
743 3809 903 3888 perpetuo
932 3806 965 3866 et
981 3797 1239 3868 irreuocabiliter

80 3911 430 4004 possidendam,n0n
446 3911 653 3980 obstantibus
669 3911 787 3977 litteris
804 3908 926 3978 uostris
936 3907 1099 3998 prioribus
1113 3907 1238 3976 Jacobo

74 4026 164 4094 tilio
186 4021 325 4089 liodrici
352 4039 451 4110 super
469 4020 668 4106 collacione,
695 4018 840 4088 eiusdem
870 4007 1079 4106 terrc',.,sicut
1109 4015 1237 4098 dicitur,

73 4130 257 4222 primitus
292 4129 503 4218 impetratis,
545 4147 628 4212 quas
659 4126 693 4194 in
734 4145 794 4194 sue
840 4125 1067 4213 peruersitatis
1107 4144 1237 4212 penam,

68 4244 176 4328 quia
213 4238 366 4306 societati
381 4236 522 4305 filiorum
554 4234 691 4302 Henrici
718 4234 876 4318 adhesit,
908 4233 1071 4301 maleficia
1096 4233 1240 4318 plurima

75 4345 341 4422 committendo
362 4346 494 4431 penitus
524 4361 730 4414 resecamus.
756 4343 794 4412 In
827 4342 920 4410 cuius
936 4343 985 4410 rei
1001 4341 1191 4410 memoriam
1207 4343 1241 4404 et

66 4461 299 4551 perpetuam
327 4452 514 4522 firmitatem
539 4457 712 4538 presentes
730 4451 954 4518 concessimus
981 4451 1110 4517 litteras
1136 4445 1240 4534 dupli·

68 4571 132 4642 cis
178 4562 290 4648 sigilli
323 4562 429 4630 nostri
460 4561 639 4629 munimine
665 4561 846 4628 roboratas.
879 4559 1001 4626 Datum
1033 4577 1092 4646 per
1122 4571 1240 4622 manus

66 4669 313 4752 venerabilis
330 4669 391 4740 viri
406 4671 560 4760 magistri
576 4668 740 4742 iohannis
755 4667 920 4758 Propositi
938 4663 1101 4736 lindensis
1123 4666 1156 4728 et
1168 4660 1241 4730 Ele·

132 4795 261 4848 {willit-
271 4794 354 4840 EUM.
364 4793 548 4841 uma-utro.
562 4792 582 4837 s.
1007 4773 1026 4841 Ἰ
