3116 5166
825 291 986 396 joe

339 497 420 564 bere
436 520 444 561 :
462 493 581 562 obiecit
597 493 764 579 videlieet,
784 493 870 577 quod
886 513 945 579 per
970 493 1230 580 impressionem,
1241 492 1349 561 mines
1360 499 1393 560 et
1408 499 1463 560 ter-

340 621 432 670 rores
457 607 525 669 tam
550 621 608 686 per
635 589 744 688 ipsum
761 600 980 687 Propositum,
997 602 1053 684 qui
1070 621 1129 686 per
1144 621 1243 668 unam
1260 600 1347 694 diem
1364 603 1461 670 Oano-

340 709 431 779 nicos
458 710 603 778 eiusdem
621 709 774 778 Ecclesie
791 719 1018 794 congregatos,
1042 710 1076 775 in
1093 711 1167 795 ipsa
1184 711 1328 776 ecclesia
1344 709 1460 795 serige-

339 818 500 886 niensi‘ad
521 817 726 884 tractandum
738 818 780 884 de
797 817 958 885 electione
974 819 1121 904 pastoris
1137 819 1279 901 clausos,
1296 817 1374 884 fecit
1389 817 1460 884 inibi

338 927 505 1009 detinere,
523 926 628 992 cibum
645 927 693 992 eis
710 945 837 994 sumere
855 945 918 992 non
945 927 1153 1012 permittens;
1180 946 1279 1012 quam
1294 947 1354 1014 per
1370 926 1459 994 caris·

338 1032 456 1099 simam
472 1033 507 1099 in
526 1033 655 1101 Christo
670 1032 771 1101 filiam
798 1041 943 1100 nostram
959 1034 1134 1102 Elisabeth
1150 1035 1311 1120 Reginam
1322 1035 1460 1120 Ungarie

338 1141 517 1224 illustrem,
535 1141 653 1208 ecdem
671 1148 871 1226 procurante
888 1142 1082 1227 Prepesito,
1100 1142 1282 1211 canonicis
1298 1144 1381 1231 ipsis
1397 1143 1459 1208 illa·

339 1256 402 1333 tos,
420 1247 465 1315 ad
480 1248 672 1316 electionem
689 1250 797 1337 ipsam
814 1249 914 1316 iidem
927 1251 1086 1318 canonici
1101 1259 1343 1335 processerunt.
1360 1250 1459 1330 Quod-

339 1377 401 1440 que
425 1358 514 1425 idem
539 1359 736 1444 Propositus
752 1364 866 1443 raptor
884 1359 1007 1444 existit,
1025 1367 1059 1426 et
1075 1358 1301 1426 incendiarius
1319 1359 1460 1426 ecclesis·

217 1444 222 1452 ’
339 1484 430 1549 rum,
447 1464 586 1532 aliorum
613 1468 757 1534 locorum
783 1473 817 1530 et
833 1465 986 1532 villarum
1013 1466 1188 1551 plurimum
1205 1465 1418 1546 manifestus,
1432 1472 1459 1530 et

340 1572 475 1640 crimine
491 1573 657 1640 homicidii
672 1573 858 1659 perpetrati
875 1573 917 1638 ab
934 1572 1008 1659 ipso
1023 1573 1057 1638 in
1081 1573 1216 1641 clericos
1242 1579 1275 1640 et
1291 1574 1376 1640 alios
1392 1573 1459 1638 irre-

340 1678 429 1756 titus,
446 1680 698 1747 intollerabilem
715 1680 840 1764 patitur
856 1679 890 1746 in
917 1680 1106 1746 litteratura
1123 1681 1296 1748 defectum.
1325 1683 1368 1747 Et
1383 1679 1459 1765 quod

339 1787 436 1874 olim,
470 1788 546 1854 dum
576 1787 661 1854 inter
692 1807 766 1855 eum
798 1793 832 1855 ct
864 1787 1026 1870 quondam
1058 1791 1096 1856 B.
1129 1790 1460 1858 viee-cancellarium

339 1895 504 1964 carissimi
520 1897 553 1961 in
571 1893 704 1962 Christo
721 1895 779 1962 filii
807 1897 913 1963 nostri
937 1942 944 1959 .
970 1946 977 1960 .
1002 1945 1010 1961 .
1035 1897 1134 1984 Regis
1151 1899 1296 1982 Unger-ie
1322 1898 1458 1978 illustris,

339 2005 394 2088 qni
411 2003 568 2070 canonice
583 2007 625 2068 ad
651 2003 756 2088 ipsius
779 2004 922 2070 ecclesie
939 2005 1096 2090 regimen,
1115 2014 1150 2072 ut
1167 2005 1295 2088 dicitur,
1313 2013 1388 2072 erat
1402 2005 1460 2072 cle·

339 2115 431 2194 ctos,
457 2129 555 2195 super
581 2111 742 2177 electione
769 2111 955 2180 huiusmodi
972 2111 1102 2196 questio
1119 2119 1311 2198 verteretur,
1329 2112 1459 2180 admini-

339 2219 809 2304 strationillcclcsiepredicte
819 2225 941 2286 temere
951 2239 989 2288 se
1000 2221 1147 2306 ingessit,
1158 2221 1308 2288 etadhuc
1318 2221 1459 2306 ingerere

338 2345 403 2394 non
420 2334 559 2412 veretur,
577 2324 763 2395 Canonicos
779 2326 885 2411 ipsius
902 2327 1055 2394 Ecclesic
1082 2329 1146 2396 sibi
1164 2337 1331 2413 tamquam
1358 2349 1460 2398 eorum

337 2434 489 2518 Prclato,
514 2443 611 2522 prout
628 2455 689 2502 nec
705 2441 881 2519 tenentur,
904 2437 1038 2504 obedire
1055 2439 1204 2504 nolentes
1219 2437 1366 2508 eiciendo
1384 2459 1404 2504 c
1419 2439 1459 2504 di·

337 2550 392 2610 cta
420 2544 573 2628 ecclesia,
592 2549 626 2608 ct
652 2563 765 2610 eorum
784 2543 974 2614 dominibus
992 2543 1078 2634 (igy)
1094 2566 1154 2631 per
1170 2549 1354 2634 potenciam
1369 2549 1463 2624 laice

337 2654 422 2732 lem,
448 2670 488 2718 ac
504 2652 600 2720 bonis
617 2653 686 2720 suis
714 2655 858 2738 propriis
876 2662 909 2722 et
926 2657 1151 2722 communibus
1168 2656 1356 2740 spoliando.
1373 2655 1461 2740 sigil·
1542 2667 1543 2680 ¹

337 2759 401 2826 lum
418 2778 548 2844 quoque
565 2762 846 2847 communcipsius
858 2762 1003 2848 Capituli
1020 2765 1189 2849 accipiens
1208 2765 1378 2850 violenter,
1394 2767 1459 2850 ipso

337 2887 378 2936 ec
395 2869 504 2936 multis
523 2869 599 2938 aliis
615 2870 710 2938 bonis
728 2873 872 2940 abutitur
888 2873 932 2940 ad
949 2873 1141 2959 Capitulum
1156 2876 1400 2961 pertinentibus
1416 2897 1460 2944 su·

338 2976 540 3064 pradictum,
567 2981 743 3044 nonnullas
769 3001 822 3050 res
848 2983 953 3067 ipsius
970 2983 1119 3050 Ecclesia
1143 3005 1203 3069 pro
1220 3005 1278 3053 sue
1294 2988 1461 3054 voluntatis

335 3085 429 3152 libito
456 3086 690 3154 consumendo.
722 3089 764 3154 Et
790 3089 971 3158 litterarum
1004 3091 1165 3160 dictorum
1196 3091 1461 3180 predecessorum

337 3193 489 3279 Gregorii
516 3201 547 3261 et
574 3193 738 3264 Jchannis
764 3201 958 3265 auctoritate
984 3203 1124 3286 citatus,
1155 3208 1190 3266 ut
1210 3204 1308 3272 certis
1325 3202 1462 3270 terminis
1542 3261 1543 3288 ,

336 3323 397 3388 pro
413 3304 546 3386 negotio
573 3305 744 3373 electionis
761 3307 910 3391 predicte
927 3311 1121 3394 Apostolico
1133 3329 1169 3378 se
1186 3315 1380 3396 conspectui
1396 3332 1461 3398 prc-

336 3418 490 3497 sentarct,
511 3431 700 3498 comparere
717 3433 828 3481 coram
853 3418 901 3483 eis
919 3420 1154 3486 contumaciter
1172 3440 1237 3488 non
1255 3424 1392 3508 curavit,
1408 3440 1461 3486 nac
1542 3485 1543 3494 ,

336 3521 421 3590 elias
448 3542 470 3589 a
496 3523 646 3591 Romano
667 3522 825 3590 Pontifice
842 3525 1117 3596 confirmationem
1134 3529 1306 3598 electionis
1323 3507 1462 3617 predicte
1542 3553 1543 3570 ¹

336 3633 554 3716 personaliter
570 3632 674 3716 petiit,
692 3651 754 3699 nco
771 3634 816 3700 ad
831 3634 1010 3719 petendum
1022 3637 1204 3704 transmisit
1214 3657 1377 3724 personas
1387 3641 1461 3728 ydo-

335 3758 438 3824 neos,
463 3759 521 3826 pcr
548 3759 630 3824 quas
653 3759 757 3826 super
773 3741 971 3810 electoribus
990 3750 1024 3810 et
1041 3745 1157 3814 electis
1175 3747 1316 3832 diligens
1333 3749 1463 3833 inquisi-
1542 3749 1543 3754 ’

336 3848 382 3916 tio
408 3848 525 3917 haberi
549 3855 683 3936 posset,
710 3853 801 3918 iuxta
826 3855 986 3921 canonica
1013 3855 1174 3941 institute,
1191 3877 1391 3942 quamquam
1407 3876 1462 3925 sex
1542 3943 1543 3948 ἵ

336 3955 417 4022 anni
432 3957 487 4024 vel
505 3957 634 4026 circiter
651 3967 728 4026 tnnc
754 3968 866 4028 essent
892 3962 997 4048 elapsi
1013 3983 1034 4028 a
1050 3969 1205 4048 tempore,
1222 3987 1285 4050 quo
1303 3967 1393 4036 diets
1408 3987 1465 4034 sua

337 4061 455 4131 electio
483 4063 601 4133 dicitur
625 4067 796 4135 celebrata
806 4119 816 4153 ,
832 4075 865 4136 et
881 4071 971 4153 quod
987 4069 1154 4142 decretum
1172 4075 1344 4144 electionis
1361 4077 1466 4161 predi·

335 4177 387 4237 cte
403 4191 463 4258 pro
480 4181 574 4257 parte
591 4195 651 4244 sua
677 4178 826 4247 Romano
842 4179 992 4248 Pontifici
1008 4201 1074 4248 non
1090 4182 1217 4251 exstitit
1232 4192 1465 4270 presentatum,
1542 4187 1543 4244 ἶ

333 4279 413 4346 lieet
428 4281 568 4364 quedam
586 4285 749 4368 scripture
775 4287 909 4356 formam
936 4291 1060 4358 decreti
1077 4291 1248 4360 continens
1265 4293 1436 4362 ostensas
1456 4333 1465 4342 ·

334 4388 396 4454 erit
411 4389 472 4456 sub
490 4390 682 4473 quibusdam
699 4395 830 4481 sigillis,
848 4398 964 4481 quibus
986 4400 1029 4468 de
1045 4401 1117 4468 iure
1132 4421 1199 4469 non
1216 4409 1289 4468 erat
1304 4401 1390 4471 fides
1406 4405 1464 4471 ali-

335 4502 497 4578 quatenus
523 4497 722 4568 adhibenda.
748 4503 909 4588 Quodque
934 4527 1004 4576 cum
1032 4510 1111 4576 olim
1126 4517 1415 4595 procuratorsnus
1430 4513 1464 4580 in

333 4603 480 4674 eiusdem
497 4607 742 4692 predecessoris
758 4613 942 4685 Innocentii
958 4619 1128 4703 presentia
1146 4619 1344 4690 constitutus
1359 4619 1448 4692 inter
