3156 5158
594 299 759 400 *ua-

113 497 287 586 preliandi,
306 496 490 565 infantibus
506 503 539 562 et
554 495 689 563 senibus
710 513 774 560 non
792 500 981 580 parcentes,
992 495 1130 580 juvenes
1145 501 1177 562 et
1188 495 1239 580 ju·

115 608 273 676 venculss
290 605 478 690 captivatos
494 604 527 670 in
544 603 595 670 sui
620 602 700 672 ritus
717 601 848 668 malicie
876 600 1043 668 deducunt
1068 611 1241 669 consuetu·

117 715 238 800 dinem,
253 715 301 780 ita
318 715 406 796 quod
422 712 603 798 potentiam
624 729 716 778 suam
733 710 844 778 taliter
859 708 925 776 iam
942 709 1243 796 multiplicaverunt

115 844 176 911 per
193 822 340 907 eosdm,
358 821 444 906 quod
461 821 525 906 ipsi
541 819 689 906 Ungarie
704 827 828 885 certum
845 839 886 887 ex
910 818 970 888 boc
996 819 1144 887 imminet
1157 819 1241 904 peri·

117 935 224 1000 culum
242 937 276 999 et
291 933 430 1015 iactura,
447 938 479 994 et
495 929 592 996 terris
609 929 709 996 etiam
725 928 927 996 ¹convicinis.
955 929 1036 996 Item
1065 929 1099 993 in
1124 927 1240 994 eodem

118 1044 232 1128 Regno
250 1040 425 1107 manifeste
440 1039 578 1107 heretici
595 1045 628 1103 et
644 1036 822 1105 scismatici
840 1036 1066 1119 confoventur,
1082 1041 1241 1103 terrarum

117 1151 249 1238 profugi
266 1151 414 1216 aliamm.
428 1149 516 1215 Ecce
532 1150 607 1232 ipsa
622 1147 750 1232 Regina
765 1145 911 1232 ngsrie
928 1153 979 1214 est
993 1145 1151 1229 Cumana,
1167 1163 1239 1229 pro·

116 1261 195 1326 nimi
211 1263 367 1344 parentes
383 1257 453 1324 cius
468 1255 612 1340 gentiles
628 1261 704 1320 sunt
728 1265 760 1320 ot
785 1255 928 1322 luerunt.
953 1253 1026 1321 Due
1051 1251 1117 1322 fllie
1140 1251 1240 1336 Regis

117 1365 265 1452 Ungsrie
289 1365 470 1448 Ruthenis,
497 1365 643 1448 quisunt
659 1363 860 1445 scismatici,
887 1362 1088 1448 desponsute
1103 1362 1239 1430 luerunt.

117 1477 218 1543 Soror
232 1474 362 1542 iuuenis
378 1473 472 1540 huius
498 1473 598 1558 Regis
615 1472 772 1540 Vathstio
787 1480 838 1540 est
854 1470 995 1556 tradita,
1012 1469 1163 1540 Ecclesie
1178 1467 1240 1536 ini·

119 1585 214 1652 mico.
1028 1601 1029 1604 ’

226 1691 366 1758 Rutheni
392 1698 468 1758 sunt
492 1688 688 1769 scismatici,
713 1697 747 1756 et
771 1683 981 1757 Tartarorurir
1012 1689 1240 1756 nichilominus

118 1803 306 1869 servitores.
332 1799 505 1866 Lethwani
531 1805 564 1864 et
586 1798 744 1865 Prutlncni
769 1795 867 1864 velud
884 1798 1025 1882 gentiles
1041 1799 1152 1884 plnres
1167 1797 1240 1882 llpi·

118 1915 276 1997 scopatos
292 1907 431 1975 Polonie
447 1905 513 1974 ianr
531 1909 663 1992 penitus
680 1905 881 1973 deleverunt.

227 2017 289 2085 Isti
305 2023 380 2084 sunt
396 2017 542 2101 parietes
558 2013 699 2101 proximi
725 2015 839 2099 nobis,
856 2016 889 2082 in
906 2013 1043 2100 quibus,
1060 2029 1131 2082 oum
1148 2015 1241 2082 arde·

118 2134 198 2211 ant,
212 2143 282 2192 rem
297 2133 445 2192 nostram
462 2125 516 2210 agi
533 2125 604 2192 siue
621 2123 730 2209 *dubio
755 2125 820 2190 ism
845 2121 1001 2190 videmus.
1028 2121 1074 2189 Ut
1098 2143 1177 2208 crgo
1200 2125 1243 2190 de

116 2233 327 2320 Principibus
342 2235 505 2301 Teutonis
521 2239 702 2318 taceamus,
720 2231 804 2299 odeo
820 2232 854 2299 in
871 2253 906 2300 se
924 2240 997 2300 sunt
1016 2231 1124 2320 divisi,
1140 2241 1175 2298 ut
1190 2251 1242 2300 su·

119 2343 287 2430 perierem
303 2343 426 2410 habere
442 2363 507 2408 non
533 2341 729 2428 intendant,v
753 2341 840 2426 quod
867 2341 1105 2408 desolationem
1131 2349 1164 2407 et
1188 2343 1243 2409 de·

119 2451 337 2518 structionem
355 2467 414 2518 sue
429 2457 517 2518 terro
533 2469 614 2517 unus
626 2451 669 2518 ab
684 2452 788 2517 altero
805 2455 981 2534 expectare
996 2449 1133 2517 videtur.
1151 2449 1243 2520 Unde

117 2563 166 2628 ad
183 2560 464 2629 christianitatem
479 2562 513 2626 in
529 2561 651 2628 nostris
677 2559 828 2646 partibus
844 2559 1104 2646 defendendam,
1130 2561 1182 2628 vel
1198 2559 1242 2628 ad

117 2672 269 2755 dampna
299 2669 627 2738 transmaritimarum
659 2669 799 2755 partium
831 2669 1053 2755 propulsanda
1076 2669 1242 2738 inhabiles

117 2785 199 2844 sunt
214 2777 410 2845 omnimodo.
429 2778 499 2846 Soli
514 2779 629 2864 Regno
648 2775 780 2844 Boemie
796 2777 966 2844 imminere
980 2775 1109 2845 videtur
1126 2779 1158 2845 in
1171 2797 1243 2864 par·

116 2886 209 2953 tibus
225 2886 348 2954 nostris
365 2885 514 2953 defensio
529 2885 606 2953 fidei
623 2885 821 2954 Christiane.
849 2886 945 2954 Certe
970 2907 1030 2973 per
1053 2887 1115 2956 has
1139 2893 1243 2955 terras

117 2993 185 3060 fnit
199 2995 351 3062 introitus
366 2993 589 3079 Tartaromm
606 3001 640 3060 et
656 2994 771 3061 iterum
788 3000 990 3078 expectatur.
1006 2996 1080 3064 Nisi
1095 3016 1173 3082 ergo
1189 3013 1243 3062 ve·

122 3109 197 3169 stra
212 3109 354 3189 paterna
368 3103 577 3188 providentia
592 3121 711 3172 carcre
735 3103 875 3170 voluerit
898 3103 1052 3190 periculis
1078 3105 1144 3171 iam
1167 3105 1246 3174 vici·

119 3214 186 3294 nis,
203 3212 251 3278 sio
267 3213 402 3279 studens
418 3211 450 3278 in
468 3212 685 3294 acquisitione
699 3219 787 3281 terre
803 3218 919 3280 sancte
928 3262 936 3296 ,
964 3211 1050 3296 qnod
1066 3233 1130 3282 non
1146 3214 1243 3280 relin-

119 3325 203 3405 quat
226 3320 260 3386 in
284 3321 429 3404 periculo
454 3325 560 3388 terras
586 3325 686 3407 istss3
712 3322 864 3389 volentes
889 3320 995 3388 vitare
1023 3321 1197 3398 Karibdim
1212 3324 1244 3388 in

118 3425 242 3495 cirtam
258 3429 372 3512 utique
388 3429 577 3497 incidemus.

232 3540 283 3607 De
299 3540 395 3608 clero
412 3560 489 3608 vero
506 3538 679 3606 scribimus
690 3540 738 3608 ita
754 3540 860 3625 robis,
872 3539 960 3625 quod
969 3541 1002 3606 in
1018 3540 1083 3607 illis
1100 3539 1244 3625 quidem,

120 3664 187 3728 qus
204 3654 281 3714 suut
295 3646 337 3716 de
353 3647 422 3715 vita
438 3659 471 3716 et
485 3649 658 3716 honestate
677 3669 787 3717 eornm
797 3699 806 3734 ‚
824 3651 905 3717 satis
931 3649 965 3714 in
989 3649 1064 3716 aliis
1089 3649 1247 3718 (lonoiliis

119 3762 177 3822 est
192 3757 369 3842 provisum.
387 3755 438 3825 De
456 3757 652 3840 quibusdam
677 3778 755 3826 vero
771 3757 1013 3842 emergentibus
1028 3759 1064 3826 in
1078 3759 1244 3828 terrisno·

118 3865 200 3930 stris
216 3873 250 3933 et
264 3863 360 3934 nobis
376 3865 510 3950 vicinis,
528 3867 693 3934 nescimus
708 3874 825 3952 sutem,
843 3867 872 3934 si
888 3867 955 3934 sint
971 3867 1140 3953 generalia
1156 3865 1246 3954 apud

117 3993 259 4061 omnes,
276 3973 437 4042 credimus
453 3975 502 4041 ita
518 3995 593 4044 esse
610 3999 618 4040 :
635 3975 722 4059 quod
737 3975 846 4060 quoed
860 3977 1060 4062 paucitatem
1075 3975 1246 4046 beneflcio·

118 4099 197 4149 rum
211 4089 246 4152 et
261 4102 373 4151 eorum
387 4083 580 4151 tenuitatem
606 4085 758 4151 nimietas
785 4092 854 4169 est,
881 4085 937 4168 qui
961 4086 1107 4172 gaudere
1132 4087 1246 4156 volunt

120 4193 303 4279 priuilegio
319 4191 476 4280 clericali,
493 4212 533 4259 err
550 4211 614 4277 quo
630 4193 736 4272 nobis,
752 4194 809 4277 qui
825 4193 949 4260 Prolati
964 4212 1086 4281 sumus,
1102 4194 1247 4262 maxims

120 4302 300 4387 perplexio
317 4303 488 4373 consuerit
513 4303 601 4370 oriri.
626 4303 705 4370 Cum
731 4303 817 4371 enirn
843 4304 965 4373 talibus
990 4303 1156 4391 provideri
1180 4323 1244 4372 non

116 4409 254 4497 possit,
282 4416 446 4495 eoguntur
471 4413 661 4480 mendicare
682 4415 715 4480 in
732 4413 942 4499 opprobrium
968 4412 1092 4482 ordinis
1107 4413 1243 4481 clerica·

115 4517 184 4604 lis5
200 4521 254 4586 rel
272 4521 362 4605 quod
376 4519 521 4591 deterius
538 4527 599 4607 est,
614 4521 765 4591 nolentes
790 4521 911 4608 fodere,
929 4530 1018 4590 artes
1035 4521 1242 4590 mechanicus

115 4629 332 4714 nescientes,
348 4648 483 4714 quarum
503 4631 698 4700 commercio
723 4632 824 4700 vitam
848 4631 987 4720 ducant,
1015 4633 1057 4698 sd
1074 4631 1179 4726 lucta,
1196 4632 1243 4702 lu·
