3116 5166
865 921 926 1001 δέ.

331 1130 452 1194 utrm
468 1129 588 1216 caepe
612 1107 865 1216 noemma,
884 1129 1141 1218 spumeum„
1155 1130 1329 1194 ramnum
1347 1131 1454 1194 mure

332 1240 423 1326 cojeit
437 1237 810 1327 pymmelrcioosopouja,
827 1243 909 1326 moly
925 1239 1129 1304 inreztrmmor
1147 1240 1167 1302 I
1173 1237 1207 1303 V.
1225 1237 1337 1302 [riculo
1350 1234 1454 1320 tiroty

701 1347 829 1433 hclybea
844 1346 973 1434 kappp'a.
997 1347 1095 1411 1275.

440 1542 598 1613 Nicolaus
615 1543 702 1612 filius
717 1545 843 1614 Albcns
859 1547 902 1613 de
918 1546 1035 1631 Gedcy
1053 1543 1156 1612 tidelis
1173 1543 1296 1612 domini
1312 1542 1457 1610 Ladislai

333 1649 420 1736 (IV.)
437 1652 540 1738 Regis
559 1651 731 1738 Hungarie
746 1654 788 1721 ad
805 1655 907 1740 ipsius
927 1655 1050 1721 domini
1066 1656 1168 1736 Regis
1182 1653 1371 1720 accedendo
1388 1672 1455 1736 pre-

332 1763 500 1840 senciam,
519 1767 551 1828 et
578 1763 738 1830 heredum
755 1782 792 1829 sc
808 1764 933 1831 solacio
950 1783 1065 1829 carere
1080 1763 1143 1846 ipsi
1161 1761 1291 1827 domino
1307 1761 1390 1844 Regi
1406 1780 1457 1826 eu·

332 1869 497 1954 ponendo,
514 1890 536 1936 a
551 1871 700 1955 predicto
718 1872 849 1939 domino
868 1874 955 1956 Rege
965 1872 1060 1957 petiit
1071 1869 1235 1935 humiliter
1246 1880 1278 1933 et
1290 1870 1460 1949 instanter,

333 1985 369 2042 ut
393 1981 568 2046 universas
595 1980 827 2064 possessiones
853 1977 955 2061 suasJ
977 1999 1111 2062 quarum
1128 1998 1193 2042 una
1220 1978 1347 2063 Gedey,
1364 1997 1458 2062 quarn

334 2088 403 2150 iure
419 2085 617 2153 hereditario
628 2085 798 2171 possidere
816 2107 853 2154 sc
869 2088 961 2174 dixit,
978 2089 1046 2154 alia
1062 2107 1138 2154 vero
1148 2085 1321 2154 Abotseutd
1332 2093 1461 2153 ettcrra

334 2192 519 2260 Betelfeuld
534 2205 812 2281 nuncuparentur,
830 2217 913 2280 quas
929 2218 951 2264 a
966 2197 1098 2262 domina
1113 2204 1216 2261 matre
1233 2213 1294 2260 sua
1308 2192 1371 2259 sibi
1389 2194 1460 2262 reli·
1550 2209 1551 2286 ζ

334 2313 405 2366 ctas
423 2302 575 2384 asseruit,
593 2305 622 2370 si
639 2325 742 2386 usque
760 2304 959 2371 decisionem
977 2305 1043 2368 vite
1059 2325 1116 2371 sue
1132 2305 1233 2368 fitium
1249 2301 1371 2368 habere
1399 2323 1461 2369 uon

331 2415 456 2496 posset,
472 2412 581 2478 Erdcu
598 2423 630 2478 et
645 2413 788 2479 Johanni
805 2413 883 2495 fiiijs
901 2414 1047 2499 ltimerij,
1064 2412 1194 2498 generis
1210 2411 1297 2493 suis,
1314 2418 1347 2476 ct
1362 2412 1461 2478 Petro

332 2517 398 2583 fitio
416 2517 548 2596 Leuke,
565 2539 688 2602 genero
706 2539 786 2602 suo,
804 2541 885 2603 quos
912 2522 944 2586 in
973 2519 1061 2587 iiiios
1078 2521 1259 2604 recepisset
1275 2519 1464 2604 adoptinoa,
1550 2505 1551 2578 t

334 2625 435 2694 dandi
462 2635 494 2694 et
521 2625 654 2710 legundi
678 2628 815 2694 liberam
843 2627 928 2695 idenr
945 2629 1096 2696 dominns
1116 2627 1288 2694 Ladisiaus
1303 2627 1370 2693 Rex
1389 2647 1463 2694 con·
1550 2629 1551 2708 i

335 2735 468 2801 coderet
493 2735 535 2800 de
553 2735 755 2802 liberalitate
770 2736 876 2818 Regia
893 2737 956 2801 sibi
973 2737 1173 2802 facultatem.
1191 2737 1265 2820 lpse
1291 2736 1389 2818 igitur
1408 2735 1465 2800 do·
1550 2797 1551 2816 ἶ

335 2843 441 2908 minus
458 2841 632 2908 Ladiaiaus
649 2845 719 2909 Rex
745 2844 964 2926 peticionibus
982 2843 1230 2910 instantissimis
1248 2842 1391 2908 ciusdem
1411 2843 1466 2908 Ni·

336 2950 422 3018 colai
447 2949 675 3016 fauorabiliter
700 2969 869 3034 annuens,
896 2951 1068 3036 predictus
1093 2951 1318 3035 possessiones
1343 2969 1467 3034 snpra·

337 3058 548 3124 mentionatis
581 3057 712 3142 generis
739 3057 808 3123 ania
834 3057 971 3143 legundi
988 3067 1021 3124 et
1036 3058 1239 3141 relinquendi
1257 3057 1392 3124 liberam
1411 3057 1468 3123 de·
1550 3041 1551 3120 f

336 3167 385 3233 dit
402 3165 509 3232 cidem
526 3161 668 3232 Nicolao
696 3167 934 3233 auctoritatem.
960 3165 1098 3252 (Datum
1115 3185 1201 3234 anno
1215 3166 1345 3234 Domini
1361 3167 1393 3231 ii
1412 3165 1467 3232 CO
1550 3147 1551 3234 ³

338 3271 489 3360 cxxv.)

446 3467 574 3537 Jeqyrorf
591 3468 641 3524 IV.
667 3467 774 3525 Lasalo
799 3466 954 3541 lrirtilynak
977 3469 1053 3542 uyr'lt
1072 3466 1222 3524 formaban
1246 3469 1359 3525 kiodott
1371 3489 1384 3525 s
1398 3469 1472 3525 afc-

335 3556 426 3614 ncbbi
440 3559 626 3631 engedclmct
640 3561 813 3616 tartalmanci
827 3559 985 3632 okmanyat
996 3579 1030 3614 az
1050 3561 1112 3633 egri
1124 3557 1265 3630 ketptalan
1277 3577 1373 3632 ugyan
1387 3561 1472 3616 1275.

338 3647 557 3720 unncpolyeson
577 3649 634 3705 irta
643 3648 715 3705 tiltal
728 3647 759 3706 es
780 3667 797 3704 a
820 3651 915 3722 kirrily
930 3651 1007 3705 1279.
1018 3650 1199 3722 privilegium
1212 3649 1369 3721 alakjtban
1382 3651 1473 3707 ariisi·

338 3744 410 3796 totta
423 3757 497 3811 mag.
510 3739 612 3797 Bsbak
626 3725 725 3798 Istvin'
736 3739 973 3811 Orszrigbironak
988 3741 1097 3797 1360.ὶί
1111 3739 1269 3798 itelctribffl.
1286 3743 1379 3795 Greek.
