3142 5170
652 1005 728 1072 ete.

134 1206 373 1292 remeavisset
390 1207 522 1291 olemdoy
540 1226 595 1292 eyy
612 1203 738 1268 Braeso
753 1205 886 1291 anesten
901 1203 1004 1270 bozon
1019 1203 1100 1270 tirsi
1114 1203 1247 1270 tetberti

647 1314 739 1378 1288.

236 1513 274 1580 In
284 1515 414 1582 nomine
425 1512 546 1582 Christi
558 1513 671 1577 Amen.
683 1512 777 1579 Anno
788 1511 978 1578 Natiuitatis
995 1511 1137 1579 eiusdem
1152 1511 1247 1579 1288.

129 1621 195 1688 ind.
221 1623 347 1707 prima,
372 1622 425 1689 die
451 1623 509 1688 3·a
533 1619 656 1688 mensis
681 1619 814 1704 Aprilis,
841 1619 1039 1705 temporibus
1061 1620 1199 1688 luroris
1216 1627 1248 1685 et

129 1733 252 1814 egregii
266 1731 386 1799 domini
399 1729 563 1800 Jobannis
584 1728 731 1797 Danuuii
749 1729 789 1795 D.
805 1748 836 1812 g.
853 1729 953 1796 Duois
970 1730 1200 1814 Venetiarum,
1218 1737 1249 1796 st

129 1838 251 1906 nobilis
268 1859 306 1904 ae
321 1839 465 1928 potentis
480 1839 542 1906 viri
558 1837 682 1908 domini
698 1839 833 1904 Ruberti
849 1836 986 1917 Quirino
1006 1839 1182 1912 Potestatis
1198 1839 1248 1904 In·

129 1949 273 2014 sniarum
290 1948 398 2015 Pbare
414 1954 447 2015 ot
470 1949 599 2016 Braoie.
617 1947 744 2015 intorta
760 1947 931 2030 questione
947 1949 1031 2013 inter
1047 1946 1248 2014 Clementem

129 2053 287 2123 Grubisse
312 2061 344 2120 et
370 2055 490 2128 Mixam
516 2052 689 2120 Petroniob
715 2056 757 2123 de
772 2055 882 2121 insula
898 2055 1014 2122 Brauie
1030 2073 1129 2140 snper
1143 2073 1247 2139 quan·

129 2162 205 2230 dam
222 2171 342 2230 terram
357 2169 511 2230 vooetam
527 2161 637 2230 Dobro
654 2161 759 2247 Zirje‚
776 2163 897 2230 nobilis
912 2163 961 2232 vir
976 2163 1174 2232 Francisous
1190 2165 1250 2231 Po-

128 2272 216 2354 iani‚
243 2270 336 2338 miles
362 2278 397 2338 et
421 2271 575 2340 Vioarius
601 2272 633 2338 in
661 2270 783 2340 Braoia
799 2271 919 2357 preiati
934 2271 1057 2354 domini
1071 2273 1250 2342 Potestatis

128 2380 279 2464 liuberti,
295 2380 440 2448 existens
465 2401 563 2467 super
588 2380 660 2448 loeo
678 2379 866 2450 differeuoie
881 2400 947 2449 una
963 2401 1035 2450 eum
1050 2385 1118 2451 suis
1130 2384 1250 2470 judiei-

125 2492 187 2558 bus
205 2490 248 2558 de
264 2491 393 2575 Braeia,
409 2491 574 2560 nobilibus
596 2490 756 2559 Oberusio
774 2489 955 2577 Obelgauo,
972 2491 1127 2560 Dobreua
1143 2500 1176 2561 et
1191 2493 1250 2562 Oe-

125 2600 246 2686 prigna
261 2597 414 2682 hodani,
431 2598 639 2684 adjudicavit
654 2606 688 2666 et
706 2599 917 2668 sententiavit
940 2617 1010 2666 oum
1037 2601 1086 2666 eis
1102 2609 1176 2684 pont
1191 2623 1250 2669 an-

125 2707 293 2775 dioionem
309 2707 439 2776 testium
456 2711 490 2776 et
506 2709 662 2775 leoturam
679 2707 922 2792 seripturarum,
936 2707 1056 2776 dietam
1072 2717 1192 2778 terrant
1208 2713 1251 2780 de

125 2816 241 2884 Dobro
252 2816 338 2901 Zirje
349 2833 423 2884 esre
434 2823 466 2886 et
477 2817 735 2903 pertinerebiixe
751 2816 936 2900 Petranieh,
948 2815 981 2882 in
997 2818 1169 2903 presencia
1184 2819 1251 2885 iia-

123 2923 193 2990 tbei
219 2923 406 3008 Jurjevieb,
433 2923 575 3009 Olimpse
602 2923 791 2992 Dobunnioh
819 2923 976 2992 nobilium
1002 2923 1043 2990 de
1069 2926 1187 2992 Braoia
1217 2935 1250 2996 et

122 3032 220 3098 Pauli
237 3031 352 3100 Osoris
368 3031 488 3099 nobilis
506 3039 539 3098 et
555 3031 751 3101 habitatoris
767 3033 809 3100 de
825 3033 943 3100 Phara.

237 3139 280 3204 itt
295 3159 357 3224 ego
374 3139 538 3208 Graeovus
555 3139 641 3207 filius
657 3141 745 3207 Petri
761 3141 803 3206 de
821 3140 968 3226 Spalato‚
991 3138 1121 3224 juratus
1138 3143 1247 3211 seriba

124 3247 317 3315 Communis
334 3249 451 3316 Braoie
466 3249 586 3334 scripti
602 3256 636 3315 et
653 3269 747 3316 monn
765 3269 837 3318 mea
852 3248 1014 3316 roboravi.

125 3461 296 3532 tCieearelli
307 3460 384 3520 utin.
395 3464 598 3522 Osservauioni
611 3465 688 3522 sulla
701 3466 774 3523 isola
788 3467 866 3524 della
879 3469 1000 3539 Brauua,
1014 3466 1158 3524 Veleneue
1172 3466 1247 3521 1801.

585 3557 678 3614 1121.
696 3559 800 3625 Osset.)

555 3857 802 3872 m
