3142 5170
632 928 710 996 loo.

116 1127 135 1190 l
138 1126 173 1192 V.
203 1124 317 1190 Ldszlo
340 1126 446 1210 kirotp
471 1147 491 1186 α
514 1126 664 1210 pozooopr'
684 1124 905 1210 polpdrolcook
931 1125 1067 1210 Szdplok
1083 1125 1221 1212 belysopd

496 1232 736 1318 odorndnpozzo.
754 1234 851 1296 1288.
1220 1273 1222 1276 -

220 1432 397 1500 Ladizlaus
423 1431 487 1497 Dei
515 1428 628 1516 gracia
654 1427 843 1513 Hungarie‚
870 1429 1058 1512 Delmocie,
1085 1429 1230 1512 Oroaeie,

108 1541 235 1627 Reme,
253 1542 386 1625 Seruis,
405 1539 566 1620 Gallioie,
584 1538 800 1622 Lodomeric,
818 1538 994 1622 Cumania,
1010 1538 1229 1623 Belgarieqne

111 1649 181 1714 Rex
199 1647 359 1714 uniuersis
377 1647 493 1730 quibus
511 1646 643 1731 expedit
670 1647 873 1732 presencium
896 1647 1051 1713 noticiam
1066 1645 1228 1713 habituris

112 1757 250 1822 salutem
266 1755 299 1820 in
317 1775 393 1820 vero
410 1755 556 1822 salutari.
576 1755 625 1818 Ad
643 1756 869 1820 universorum
894 1755 1046 1820 noticiam
1071 1761 1136 1820 tom
1157 1774 1230 1839 pre-

108 1865 255 1930 sencium
267 1883 361 1946 quam
374 1863 552 1930 futurorum
562 1863 677 1929 barum
689 1864 772 1928 serie
783 1865 930 1930 volumus
948 1863 1128 1949 pervenire,
1140 1865 1227 1948 quod

108 1972 186 2052 quia
214 1973 304 2038 ciues
332 1973 436 2039 nostri
452 1972 672 2038 Posonicnses
698 1992 756 2058 per
783 1970 936 2038 hostilem
952 1973 1105 2039 insultum
1123 1971 1224 2056 Regis

109 2077 253 2164 Boemie,
269 2079 390 2146 inimici
415 2079 517 2146 nostri
543 2079 705 2164 capitalis,
726 2081 856 2145 l'nernnt
881 2079 1112 2147 miserabiliter
1134 2081 1231 2146 deva-

107 2189 196 2272 stati,
216 2189 263 2253 ita
279 2193 314 2252 vt
330 2206 390 2254 nec
412 2187 581 2254 habebant
597 2186 681 2252 vnde
698 2207 734 2252 se
750 2193 885 2273 possent
901 2193 1102 2270 sustentare,
1130 2183 1232 2255 consil

107 2296 233 2364 deratis
258 2297 404 2381 ipsorum
421 2297 541 2382 inedijs
569 2303 602 2363 et
616 2297 873 2381 paupertatibus,
892 2302 926 2360 vt
953 2296 1020 2380 hij,
1043 2295 1100 2380 qni
1116 2296 1157 2363 de
1173 2317 1229 2365 no·

105 2406 183 2474 stris
201 2405 328 2472 ciuibus
357 2405 573 2490 aufugerant,
597 2405 630 2472 in
647 2406 783 2472 eandem
810 2403 953 2470 redirent
978 2403 1164 2487 ciuitatem,
1193 2413 1226 2470 et

103 2535 165 2600 per
182 2513 245 2581 hoo
266 2513 340 2600 ipsa
356 2513 471 2579 eodem
489 2513 605 2579 ciuitas
623 2519 733 2581 nostra
749 2513 880 2598 Regalis
897 2512 1047 2600 ampliari
1063 2515 1174 2580 ualeat
1189 2519 1223 2579 et

106 2619 234 2708 angeri,
255 2621 417 2705 quandam
435 2621 545 2687 villam
564 2619 689 2706 Zeplalr
707 2628 858 2690 vocatam
876 2622 1147 2688 circaPosonium
1159 2621 1225 2688 exi·

103 2735 258 2814 stentem,
275 2732 309 2795 in
331 2750 397 2812 qna
410 2729 557 2815 hospites
573 2729 677 2815 ipsius
696 2729 794 2796 castri
811 2730 1020 2796 Posonicnsis
1036 2729 1182 2797 resident
1194 2736 1227 2797 et

102 2841 272 2905 morantur
288 2885 298 2922 ,
325 2857 395 2902 cum
414 2839 564 2904 omnibus
581 2839 779 2906 utilitatibus
797 2845 830 2905 et
844 2839 1053 2924 pertinenciis
1070 2837 1137 2907 suis
1153 2841 1222 2906 vni-

104 2949 225 3030 nersis,
252 2945 404 3012 videlicet
419 2947 510 3030 agris
524 2995 534 3030 ,
560 2945 664 3014 vineis
690 2955 720 3013 el
748 2948 960 3030 cybrionibus
985 2949 1152 3015 vinearum
1170 2969 1225 3016 ea-

100 3056 260 3138 rundem,
276 3055 467 3121 memoratis
495 3055 622 3122 ciuibus
640 3057 759 3122 nostris
776 3055 818 3123 de
833 3057 987 3142 Posonio,
1005 3077 1045 3122 ex
1062 3065 1150 3125 certa
1166 3057 1227 3122 soi·

99 3167 198 3232 encia
217 3171 249 3231 et
269 3184 364 3232 mera
392 3165 590 3231 liberalitate
607 3163 764 3248 dedimus,
777 3163 971 3233 donauimns
990 3172 1022 3230 ct
1031 3165 1228 3232 contulimus

102 3276 176 3341 inre
191 3280 352 3361 perpetuo
370 3280 402 3340 et
418 3273 677 3340 irreuoeabiliter
692 3273 828 3356 pacifice
843 3271 1077 3360 possidendam
1093 3323 1102 3359 ,
1119 3281 1229 3340 tenen·

100 3381 181 3449 dam
197 3381 321 3468 pariter
340 3383 377 3446 et'
388 3381 596 3466 habendam;
622 3380 770 3447 volentes
780 3431 789 3466 ‚
815 3387 851 3446 ut
866 3382 973 3449 nullus
991 3379 1151 3451 Comitum
1167 3381 1227 3450 Po·

98 3491 313 3559 seniensium
343 3489 395 3554 vel
412 3489 549 3554 aliorum
567 3508 844 3572 quorumcunque,
870 3496 979 3575 preter
996 3491 1222 3558 auctoritatem

98 3599 225 3667 ciuium
254 3602 448 3682 nostrorum,
465 3597 693 3665 auctoritatem
710 3597 830 3664 habeat
846 3599 879 3663 in
896 3597 1043 3664 eandem.
1072 3599 1109 3663 In
1136 3598 1228 3666 cuius

98 3711 147 3778 rei
167 3707 358 3774 memoriam
384 3705 633 3789 firmitatemque
659 3713 851 3792 perpetuam
879 3711 1046 3791 presentes
1062 3703 1132 3772 dari
1149 3706 1225 3772 feci·

99 3839 177 3886 mus
195 3815 325 3884 litteras
347 3815 508 3900 duppliois
525 3815 625 3900 sigilli
639 3817 745 3882 'nostri
761 3813 938 3881 munimine
953 3814 1132 3880 roboratas.
1160 3815 1226 3879 Da-

99 3936 173 3994 tum
191 3945 250 4012 per
271 3943 386 3991 manns
406 3923 602 3990 venerabilis
619 3923 696 3990 uirri
712 3923 773 3990 Th.
791 3923 852 3991 Dei
868 3922 980 4009 gracia
995 3921 1148 3990 Albensis
1165 3923 1212 3989 Ec

94 4035 202 4102 clesie
220 4031 389 4118 Prepositi
406 4031 481 4098 aule
497 4045 607 4099 nostre
624 4031 916 4100 Vico-(lancellarii
938 4027 1048 4096 dilecti
1066 4037 1097 4095 et
1114 4030 1223 4098 fidelis

94 4143 227 4226 nostri,
253 4161 338 4208 anno
365 4139 495 4205 Domini
521 4139 691 4206 millesimo
717 4141 787 4210 00⁰
804 4139 945 4206 LXXX⁰
975 4143 1112 4225 octauo,
1140 4139 1218 4207 v-to

94 4251 267 4322 kalendas
283 4249 421 4334 Aprilis,
440 4248 543 4334 Regni
561 4257 667 4316 autem
684 4249 789 4317 nostri
805 4269 891 4316 anno
908 4247 1157 4332 quintodecimo.

348 4441 497 4514 (Eredetie
510 4443 642 4518 Pozsony
656 4443 740 4503 vetros
754 4441 976 4520 leveltdrdbsn.)

615 4707 621 4712 -
628 4705 799 4717 -——------.
