3142 5170
587 305 743 410 Q

100 519 258 586 prooesau
274 505 468 587 temporum,
486 499 593 586 ipsam
605 497 722 570 cuent
739 505 772 566 et
784 497 999 569 Laureuoium
1017 500 1117 568 filium
1131 521 1229 570 suum

101 609 154 675 uel
169 611 214 677 ab
229 609 279 678 eie
296 608 545 694 descendentes,
555 609 688 678 raoione
699 609 907 679 conditionis
922 609 1074 700 pristine,
1091 611 1125 678 in
1142 611 1228 680 iudi-

102 717 171 801 oio,
189 719 244 786 uel
260 725 353 785 extra
369 717 523 786 tudinium
539 717 751 804 temptauerit
766 718 979 805 propulsare,
1005 719 1092 786 idem
1108 719 1227 789 (lomes

100 825 290 908 lohannes,
318 829 352 890 et
368 826 488 894 (lomes
503 826 618 894 Petrus
635 830 729 912 paler
744 844 822 894 suus
838 827 1038 895 tenebuntur
1054 847 1111 896 eos
1128 847 1224 916 expe-

99 933 171 1001 dire
185 931 331 1018 proprijs
348 932 514 1002 laboribus
530 939 564 1001 et
580 933 745 1020 expensis.
762 934 919 1002 Preterea
935 934 1082 1020 ipolitus,
1108 937 1225 1004 Petrus

99 1047 132 1108 et
142 1041 258 1108 Jauow
268 1041 330 1127 filij
342 1039 506 1110 Dominioi
518 1041 651 1128 augusti
665 1042 811 1110 eiusdem
823 1041 957 1111 Oomitis
968 1043 1138 1128 Johanuie,
1152 1063 1223 1110 oum

98 1147 212 1217 eodem
225 1148 525 1236 comtemptum,
543 1151 577 1216 in
592 1149 696 1218 nostri
711 1153 884 1236 presencia
900 1151 1121 1236 personaliter
1136 1170 1224 1217 uom-

97 1264 277 1344 parentes,
294 1257 483 1325 huiusmodi
498 1257 749 1326 manumissioni
765 1277 959 1327 eonsensum
976 1277 1069 1326 suum
1086 1259 1222 1343 prebue-

96 1371 175 1432 runt
199 1366 326 1452 pariter
351 1371 384 1432 et
409 1383 592 1432 assensum.
620 1366 657 1432 Iu
674 1363 767 1433 euius
783 1366 832 1432 rei
847 1365 1037 1432 memoriam
1053 1377 1224 1451 presentes

96 1474 322 1542 ooneessimus
339 1472 467 1541 litteras
483 1473 588 1557 sigilli
613 1473 718 1540 nostri
745 1473 920 1540 munimine
946 1475 1132 1543 roboratas.
1157 1478 1222 1543 Da-

95 1587 166 1648 tum
183 1600 272 1650 auno
290 1581 422 1648 Domini
438 1580 614 1648 millesimo
631 1581 855 1650 dueentesimo
873 1581 1099 1667 ooluagesimo
1116 1591 1222 1650 sexto.

93 1775 230 1848 (Hirtya.
243 1775 316 1831 zeid
334 1776 464 1848 selymen
479 1773 620 1847 apeeset.
636 1805 666 1814 —
685 1773 969 1848 Poasouyluiptalani
983 1774 1121 1850 oreuagos
1135 1775 1221 1832 lovel·

332 1865 386 1922 teir.
399 1865 496 1938 Capsa
509 1867 586 1924 XIV.
601 1867 684 1922 Faue.
698 1867 741 1922 23.
755 1867 804 1924 Nu.
818 1868 843 1922 5.
869 1870 961 1922 usam
972 1870 991 1936 )

527 2155 792 2170 m

584 2755 586 2758 ,
620 2692 696 2781 uss,

78 2891 112 2956 A
124 2889 288 2977 possouyi
302 2885 462 2974 triptolemi
489 2886 750 2976 lisoupsdyieuele
759 2937 768 2972 ,
795 2885 874 2976 iopy
890 2889 1049 2954 Mortale
1065 2886 1218 2955 idlrolta-

74 3008 176 3087 pyott
186 3006 316 3082 ozeapye
325 2995 441 3060 tolero
455 2995 486 3058 oe
502 2993 694 3082 ioaomouya
710 2995 911 3063 totietatem
926 2997 1034 3063 oursok
1040 2997 1149 3082 ſsaitol
1165 2998 1218 3062 tel

424 3105 517 3189 jesous
532 3103 757 3190 kielepttlelotl.
777 3105 873 3168 1286.

492 3337 531 3402 Α.
639 3336 677 3402 Β.
785 3335 821 3403 0.

198 3531 370 3599 Vniuersis
382 3529 504 3600 christi
520 3529 673 3598 fidelibus
690 3535 864 3616 presentes
880 3531 1009 3599 litteras
1019 3532 1216 3618 inspecturis

66 3641 278 3732 Capitulum
296 3637 446 3708 lloolesie
461 3637 679 3706 Posouiensis
698 3637 839 3709 sulutem
865 3641 898 3706 in
912 3639 1062 3707 Domino.
1080 3637 1130 3706 ud
1146 3639 1217 3708 uni-

65 3767 258 3821 uersorum
269 3747 424 3814 notitiam
436 3753 548 3814 tenore
559 3745 763 3835 presencium
774 3745 924 3814 uolumus
934 3747 1118 3833 peruenire,
1129 3748 1217 3834 qnod

63 3857 285 3928 Dominions
309 3853 397 3921 filine
422 3853 522 3921 Duha
546 3873 605 3939 pro
631 3873 668 3922 se
694 3859 728 3921 et
744 3873 804 3940 pro
821 3855 961 3923 Nioolao
977 3854 1081 3922 fratre
1097 3875 1157 3922 suo
1173 3857 1217 3923 ab

62 3989 142 4038 una
174 3971 300 4053 parte;
327 3961 462 4032 domina
486 3963 606 4030 relieta
633 3963 781 4031 eiusdem
797 3963 895 4030 Duhe
911 3969 945 4030 et
961 3963 1097 4048 ugilius
1113 3964 1218 4034 frater

59 4075 242 4146 eiusdem
258 4071 375 4139 relicte
391 4073 434 4138 ab
451 4071 559 4140 altera
576 4091 686 4140 eoram
705 4072 801 4140 nobis
817 4073 1036 4158 personaliter
1048 4075 1217 4140 eonstituti

57 4203 180 4274 super
200 4181 282 4249 dote
298 4187 332 4248 et
348 4179 519 4264 dotalioijs
543 4197 585 4246 ao
611 4179 710 4246 rebus
726 4180 1027 4267 paraphernalilns
1044 4181 1149 4268 ipsius
1164 4201 1215 4250 re-

57 4298 153 4364 liete
174 4292 218 4358 iu
236 4289 337 4356 rebus
348 4307 410 4372 qne
421 4289 650 4373 snbseountur,
661 4288 821 4356 uidelioet
836 4288 1123 4371 tribusmarois,in
1135 4287 1215 4356 duo·

55 4407 128 4475 bus
149 4399 291 4479 bobus,
309 4415 414 4464 uuoea
429 4415 502 4463 eum
519 4395 645 4478 uitulo,
662 4395 850 4480 quindeoim
867 4397 994 4478 ovibus,
1010 4393 1123 4462 deoem
1141 4415 1215 4483 por·

53 4515 123 4594 eis,
146 4511 294 4592 septem
310 4506 392 4572 satie
411 4503 656 4572 autumnalibus
674 4511 708 4570 et
724 4503 852 4572 duabus
868 4503 1070 4588 uernalium,
1088 4508 1121 4568 et
1137 4521 1213 4586 qua-

51 4617 242 4704 draginta
257 4611 438 4700 suponibus
458 4608 506 4699 (i)
523 4613 650 4697 lrugnm
667 4631 726 4699 per
743 4613 1025 4700 oomposioionem
1040 4610 1214 4698 proborum

118 4733 345 4785 reomense.
356 4733 537 4777 ursa-nuru
551 4733 570 4776 s.
963 4718 1003 4784 19
