3116 5166
876 927 932 996 tc.

340 1131 368 1198 I.
384 1125 512 1215 Bcdclf
522 1127 737 1194 semetsemet
751 1125 859 1213 kirtly
873 1148 894 1191 a
918 1125 1158 1194 bercmccectrcc'
1180 1129 1346 1215 cpdtcrtpct
1370 1116 1451 1194 talc

615 1243 671 1302 alic
680 1233 878 1325 pdrtfopcca
894 1237 950 1301 alet
964 1238 1057 1304 cesai.
1082 1237 1182 1303 1277.

446 1432 637 1519 lindolphus
652 1435 716 1501 Dei
739 1434 845 1520 gratia
869 1438 1090 1504 Romanorum
1105 1435 1176 1503 Rex
1200 1452 1329 1522 semper
1353 1434 1451 1521 Augu·

338 1550 407 1614 stus
432 1543 582 1613 omnibus
607 1550 641 1612 et
656 1544 798 1630 singulis
815 1546 910 1614 Sacri
924 1544 1067 1614 Romani
1081 1545 1214 1632 Imperii
1229 1545 1399 1624 fidelibus,
1415 1543 1451 1612 ad

340 1673 420 1742 ques
436 1661 606 1743 presentes
623 1654 715 1722 litere
731 1655 957 1741 pervenerint,
975 1652 1116 1740 gratiam
1133 1677 1227 1723 snam
1243 1661 1277 1722 et
1292 1674 1387 1723 omne
1402 1656 1451 1722 be

338 1783 424 1830 num.
441 1762 520 1829 (lum
536 1799 579 1809 —
594 1799 639 1812 -
653 1800 698 1814 -
708 1763 871 1831 Abbatcm
887 1771 920 1831 et
935 1764 1054 1833 fratres
1070 1763 1202 1832 Ordinis
1218 1761 1451 1844 cisterciensis,

338 1871 373 1938 in
387 1877 498 1939 monte
512 1871 633 1939 Sancte
648 1871 752 1940 llarie
760 1923 769 1959 ,
796 1873 829 1939 in
853 1879 1000 1941 nestram
1018 1871 1248 1957 protectionem
1266 1879 1300 1939 et
1316 1871 1449 1958 gratian

338 1981 556 2066 receperimus
573 1981 776 2068 specialem:
795 1982 946 2048 velumus
963 1987 995 2048 et
1015 1980 1205 2048 mandamus
1221 1981 1316 2048 vobis
1340 1980 1450 2064 singn—
1541 2043 1542 2072 3

338 2087 380 2154 lis
406 2093 438 2157 ct
462 2086 612 2156 omnibus
623 2138 632 2174 ‚
659 2088 703 2154 ad
729 2095 841 2156 nostre
858 2089 997 2156 dicionis
1016 2090 1193 2157 dominium
1208 2087 1450 2174 pertinentibus,
1541 2119 1542 2128 κ

338 2203 450 2264 nostre
475 2197 584 2283 gracie
597 2199 656 2264 sub
673 2203 826 2286 optentu,
843 2217 886 2264 ne
903 2199 976 2284 quis
992 2199 1126 2268 eosdem
1142 2199 1280 2282 fratres,
1297 2197 1448 2278 lrcnrines,
1541 2205 1542 2208 ’

338 2305 410 2374 sire
434 2305 521 2372 bona
546 2305 691 2390 ipserum
716 2306 839 2374 audeat
865 2309 919 2374 vel
945 2314 1114 2394 presumat
1138 2307 1347 2392 aliquatenus
1364 2307 1448 2372 nele-

339 2419 429 2481 stare
445 2437 453 2478 :
469 2434 545 2481 nam
562 2415 623 2498 qui
641 2433 736 2482 secus
761 2416 906 2502 iaceret,
924 2423 956 2484 et
980 2425 1128 2484 nestrum
1145 2415 1335 2484 mandatum
1353 2421 1447 2482 trans·

339 2523 494 2590 canderet
517 2522 581 2589 hac
605 2523 639 2589 in
664 2529 779 2610 parte,
806 2534 951 2593 nostram
975 2527 1058 2593 iram
1084 2525 1264 2594 incurreret
1279 2525 1353 2611 ipsc
1369 2525 1447 2592 lactc

338 2631 484 2717 graviter
507 2636 541 2698 et
563 2631 731 2700 offensem.
756 2631 876 2702 Datum
902 2635 1040 2702 Wicnnc
1055 2636 1109 2702 Xl.
1127 2635 1303 2704 Kalendas
1321 2635 1447 2721 Aprilis,

339 2739 444 2824 Regni
459 2738 563 2806 nestri
578 2759 663 2806 anne
680 2746 807 2822 quarte.

340 2932 484 3001 (cambes
496 2932 591 3007 Peter,
614 2933 771 2993 comment.
793 2940 830 2996 de
851 2941 1035 2998 Bibliotheca
1049 2941 1131 2998 Caes.
1144 2939 1373 3006 vindebonensi,
1394 2940 1448 2995 t-ik

615 3025 696 3085 kind.
709 3026 782 3087 Becs
796 3033 875 3090 1767.
890 3033 910 3089 Ι.
924 3035 952 3089 k.
964 3033 1025 3089 570.
1038 3033 1056 3088 l.
1076 3034 1181 3102 enea)
