3142 5164
838 377 991 477 fil..

350 577 458 642 antem
479 572 679 658 juramenti,
703 570 789 656 qnod
815 571 887 658 ipse
903 570 1084 657 prestabit,
1113 574 1209 642 nobis
1234 574 1277 642 de
1303 577 1403 645 verbo
1430 580 1472 646 erl

350 683 483 749 verbum
507 701 567 768 per
592 682 739 750 eiusdem
764 686 919 768 patentes
945 679 1073 749 litteras
1097 701 1156 748 sno
1182 685 1292 769 sigillo
1324 689 1473 771 signatas

350 809 411 876 per
434 793 602 879 proprium
636 790 786 858 nuntium
823 781 1016 872 quantocius
1053 790 1236 859 destinetis.
1271 794 1471 862 Intendimns

350 918 487 982 quoqne,
511 899 598 982 quod
614 907 668 982 tn,
687 898 790 972 frater
806 898 971 982 Episcopo
990 897 1166 984 Firmane,
1192 901 1356 986 premissa
1371 923 1426 988 per
1441 911 1471 970 te

349 1009 477 1093 ipsum,
501 1009 531 1076 si
547 1009 690 1094 poteris,
716 1011 890 1088 exequaris
902 1056 912 1090 ,
929 1012 963 1071 et
979 1006 1007 1071 si
1032 1013 1125 1074 extra
1151 1009 1350 1092 legationem
1374 1019 1470 1093 tuam,

348 1117 404 1184 vel
429 1117 540 1200 aliquo
565 1135 647 1184 casn
671 1113 867 1200 impeditum
893 1119 927 1180 te
943 1112 1013 1180 lore
1041 1117 1267 1204 contingeret,
1291 1127 1346 1204 tn,
1373 1120 1470 1187 frater

347 1225 511 1312 Episcopo
526 1226 720 1311 sigmensis,
747 1224 793 1291 ad
820 1224 1055 1308 premissorum
1083 1228 1310 1295 executionem
1327 1229 1469 1296 mandati

348 1333 452 1400 nostri
468 1335 574 1400 forma
589 1339 726 1402 serrata
750 1331 927 1419 prosedas.
952 1333 1073 1398 Datum
1090 1335 1192 1403 Rome
1211 1337 1301 1422 apud
1318 1338 1468 1405 Sanctum

348 1442 481 1509 Petrum
497 1443 601 1510 Nonis
618 1441 696 1508 Maii
714 1435 941 1528 (Pontificatns
958 1440 1073 1518 nostri)
1089 1461 1176 1512 anno
1194 1445 1303 1510 tertio.

447 1669 507 1743 (ΙΠ.
521 1672 628 1729 Milrlos
640 1669 719 1744 pripa
730 1669 930 1743 Regesttibol,
944 1670 1071 1728 Theiner
1083 1671 1121 1728 id.
1136 1691 1171 1728 m.
1185 1673 1208 1729 1.
1221 1673 1249 1730 k.
1265 1673 1326 1732 346.
1341 1675 1371 1748 1.)

780 1999 864 2006 —-.—--
892 1998 928 2004 ---
942 1999 946 2004 .
960 1999 1040 2007 --.—

345 2845 372 2910 1.
388 2840 520 2929 Rcdolf
529 2841 750 2907 rorat-acmes
764 2837 872 2925 kirtly
881 2839 928 2904 II.
941 2838 1049 2904 codro
1058 2859 1191 2926 mappae·
1200 2839 1374 2928 kirdlynnk
1387 2843 1463 2905 arre-

342 2960 404 3018 met
417 2951 497 3016 racd
511 2952 656 3015 ιεάπιάνα
672 2971 694 3012 a
708 2948 919 3034 baroccodpra
933 2947 1108 3013 oocatkoao
1131 2948 1269 3015 12221ιί
1278 2947 1463 3036 pricileps'o-

728 3051 967 3123 nocticolores.
988 3055 1086 3120 1280.

451 3272 644 3359 Rndolphns
661 3269 723 3338 Dei
743 3270 857 3356 gracia
872 3271 1094 3338 Romanorum
1104 3271 1176 3338 Rex
1201 3288 1333 3357 semper
1360 3273 1463 3357 ingn-

347 3391 417 3452 stns
432 3384 596 3449 universis
612 3377 733 3448 Christi
749 3379 905 3446 fidelibus
921 3385 1092 3465 presentes
1108 3380 1240 3447 litteras
1267 3381 1460 3468 inspecturis

344 3491 493 3578 graciam
508 3509 602 3556 snam
619 3495 652 3553 et
667 3507 764 3552 omne
780 3488 909 3552 bonnm.
935 3487 986 3553 Ad
1002 3489 1227 3581 universorum
1252 3497 1321 3555 tam
1337 3509 1461 3574 presen-

343 3603 427 3668 cium
445 3620 544 3684 quam
560 3597 741 3664 futurorum
757 3596 918 3662 noticiam
933 3597 1084 3666 volumus
1101 3597 1285 3682 pervenire,
1304 3601 1394 3681 qnod
1408 3615 1460 3663 nos

342 3709 484 3776 vidimus
501 3717 534 3776 et
548 3706 735 3775 andivimus
762 3705 893 3772 litteras
913 3705 1024 3772 Incliti
1039 3705 1173 3774 Andros
1189 3707 1292 3790 Regis
1322 3705 1462 3792 Ungarie

342 3818 503 3902 illustris,
521 3835 588 3885 non
613 3812 837 3896 consolatos,
863 3832 929 3878 non
945 3813 1111 3897 abolitas,
1137 3815 1249 3881 necin
1274 3815 1390 3898 aliqua
1407 3833 1464 3878 sna

343 3931 439 4012 parts
456 3927 611 4008 vitiatas,
637 3941 709 3990 cnm
734 3940 815 3988 vera
830 3921 923 3988 bulla
946 3939 1051 3988 aurea
1076 3921 1197 4007 prefati
1224 3921 1349 3989 domini
1370 3921 1463 4006 Regis

342 4033 488 4121 Ungaric
505 4040 539 4102 et
562 4033 617 4100 ilo
633 4031 738 4099 serico
764 4030 893 4115 integro
911 4029 1056 4098 bullatas
1083 4038 1116 4097 et
1132 4030 1304 4116 signatas,
1330 4049 1463 4114 quornm

341 4147 435 4210 tenor
450 4141 528 4210 talis
544 4147 596 4211 est
611 4164 620 4207 ε

447 4267 486 4334 In
512 4267 642 4333 nomine
665 4264 787 4332 Sancte
811 4269 845 4330 et
868 4262 1043 4331 Individne
1071 4261 1247 4332 Trinitatis
1275 4265 1381 4331 Arnen
1404 4263 1463 4332 stb.

340 4371 530 4447 (ktivetkenilr
543 4371 579 4427 Π.
592 4371 690 4428 Endre
702 4367 798 4442 kirtly
811 4368 924 4426 1222ὶί
934 4368 1147 4442 privilegium,
1158 4369 1235 4442 moly
1248 4369 1401 4427 olvaslreto
1412 4369 1464 4424 Fe·

336 4459 433 4536 jeruel
446 4460 515 4518 cod.
528 4461 605 4534 Dipl
619 4461 669 4516 ΠΙ.
683 4461 713 4516 Ιι.
726 4461 752 4515 l.
764 4479 786 4515 r.
802 4459 864 4516 370.
875 4456 906 4532 1.)

447 4575 486 4642 In
501 4574 596 4658 cnjus
613 4573 751 4642 visionis
768 4577 881 4639 nostre
896 4576 930 4637 et
945 4569 1133 4638 condicionis
1148 4571 1371 4638 testimoninm
1389 4589 1457 4657 pre·

339 4701 417 4748 sens
431 4682 588 4766 scriptum
603 4681 789 4766 Maiestatis
806 4685 919 4748 nostre
929 4679 1037 4766 sigillo
1060 4677 1209 4750 duximus
1227 4679 1460 4748 roborandum.
