3142 5170
595 332 753 435 Q

114 550 212 600 uuam
228 528 420 599 obtinerent
437 530 532 599 Unde
547 547 606 598 nos
623 531 760 618 predicti
789 532 923 613 vicarii,
948 531 1144 621 disponente
1163 537 1229 605 Do·

113 639 212 724 mino,
224 639 301 706 licet
316 639 466 706 immeriti
483 657 691 708 successores
709 639 824 724 effecti,
843 661 943 728 super
961 643 1081 729 omnia,
1093 661 1156 728 qne
1174 643 1228 712 no'·

114 748 164 816 bis
190 767 230 815 ex
255 748 402 817 iniuncto
428 748 616 815 incumbunt
632 745 740 818 officio
759 751 801 818 ad
817 756 903 816 tuam
920 751 1121 836 aliorumque
1138 755 1228 822 salu·

114 865 178 926 tem
204 865 315 928 nostre
341 858 532 928 intentionis
559 858 728 943 dirigimus
754 859 877 944 aciem,
905 861 948 928 ad
973 862 1058 929 hanc
1074 865 1230 951 precipue
1289 865 1305 890 ⁸

113 970 230 1035 mentis
256 971 358 1035 nostri
385 969 585 1036 destinamus
602 965 764 1051 allectum,
793 969 881 1036 circa
898 988 938 1036 sa
954 969 1103 1055 diligenti
1118 973 1226 1041 studio

114 1085 147 1143 et
162 1077 313 1145 studiosa
330 1077 498 1164 diligentia
523 1077 637 1146 sedulo
654 1077 836 1162 vigilamus,
854 1085 890 1142 ul
906 1077 1076 1146 deviantes
1092 1077 1125 1144 in
1142 1082 1230 1150 viam

115 1181 267 1252 veritatis
292 1185 474 1270 adducere,
489 1181 673 1268 'omnesque
689 1184 810 1252 lucrum
827 1185 939 1254 lacere
955 1187 1036 1272 Deo,
1053 1208 1114 1255 sue
1131 1189 1227 1258 nobis

114 1301 313 1380 cooperante
338 1295 469 1380 gratia,
495 1295 674 1360 valeamus.
701 1295 818 1360 Verum
845 1295 922 1378 quia
945 1313 1039 1362 nemo
1056 1299 1231 1381 pervenire

113 1404 203 1469 valet
231 1401 273 1468 ad
300 1403 383 1468 viam
410 1400 557 1470 veritatis
582 1402 738 1486 eiusdem,
757 1401 821 1467 nisi
838 1421 896 1487 per
912 1398 1008 1470 fidem
1025 1403 1228 1474 catholicam

112 1509 222 1577 aDeo
238 1517 271 1577 et
288 1511 416 1578 Sanctis
434 1510 604 1598 Apostolis
620 1510 795 1595 traditam,
821 1529 915 1594 quam
942 1512 1066 1579 Sancta
1082 1515 1231 1582 Romana

111 1619 265 1687 Ecclesia
290 1617 455 1704 profitetur
471 1623 503 1683 el
529 1623 657 1694 servat,
674 1617 929 1702 Magnitudinem
947 1627 1033 1685 tuam
1051 1639 1231 1706 monemus,

113 1727 322 1814 deposcimus
348 1737 380 1794 et
403 1728 570 1794 hortamur
594 1727 626 1793 iu
652 1726 782 1793 domino
808 1726 887 1793 Jesu
913 1725 1054 1807 (lhristo,
1072 1735 1230 1812 quatenus

111 1837 168 1922 pie
184 1838 419 1917 considerans,
437 1837 524 1919 quod
541 1855 605 1902 una
621 1841 672 1901 est
688 1835 789 1918 lides,
817 1841 909 1904 extra
925 1855 1022 1919 quam
1039 1837 1148 1904 nullus
1166 1859 1230 1906 om-

111 1947 188 2012 nino
205 1946 362 2029 salvatur,
380 1953 413 2011 et
429 1945 501 2012 siue
517 1966 583 2028 qua
609 1945 680 2012 Deo
705 1943 908 2030 impossibile
933 1952 984 2010 est
1009 1949 1162 2032 placere,
1187 1945 1230 2014 ad

110 2054 216 2139 ipsius
232 2053 344 2121 venias
361 2054 438 2121 fidei
454 2054 633 2136 unitatem,
660 2071 797 2135 eamque
820 2051 961 2120 fideliler
985 2059 1099 2121 teneas
1116 2063 1149 2120 ct
1165 2056 1225 2121 ob-

109 2181 243 2247 serves,
269 2161 499 2231 nichilominus
524 2164 676 2250 populnm
701 2168 756 2228 tue
774 2161 888 2228 ditioni
903 2163 1003 2248 Regis
1021 2163 1123 2230 eterni
1140 2171 1227 2251 pole·

108 2277 198 2338 state
214 2271 398 2337 subiectum
415 2271 459 2336 ad
476 2269 613 2336 eandem
631 2271 790 2337 unitatem
808 2269 959 2355 reducas,
975 2276 1008 2336 et
1024 2271 1057 2337 in
1074 2271 1164 2338 illius
1176 2272 1230 2338 ob·

109 2380 299 2446 servatione
315 2387 371 2446 tuo
388 2381 540 2463 exemplo
555 2379 715 2446 laudabili
731 2385 764 2445 et
779 2379 844 2464 piis
867 2379 1150 2448 exhortationibus
1166 2387 1229 2446 stu-

108 2487 192 2555 deas
209 2509 412 2570 conservare,
430 2491 478 2554 ita
493 2489 581 2572 quod
597 2509 636 2556 ex
653 2489 715 2555 hoc
733 2495 859 2574 epatre
871 2488 1022 2556 luminum
1040 2487 1230 2557 eternicon-

106 2599 260 2681 sequaris
277 2599 409 2664 luminis
427 2597 617 2665 claritatem.
635 2597 788 2666 Ceterum
814 2597 890 2680 qnia
908 2597 1050 2664 humana
1070 2599 1229 2666 renitente

108 2716 248 2790 natura,
275 2727 340 2773 uno
367 2706 546 2790 eodemque
571 2715 717 2795 tempore
743 2706 882 2774 diversis
908 2704 993 2772 locis
1014 2706 1230 2790 personaliter

109 2815 233 2884 adesse
249 2816 439 2901 nequimus,
466 2835 507 2883 ne
533 2818 697 2882 ullatenus
724 2815 922 2900 negligentia
938 2815 1157 2898 relinquamus
1174 2813 1229 2881 ab·

106 2929 240 3008 sentes,
258 2925 303 2991 ad
319 2943 376 2990 eos
392 2925 480 2991 viros
497 2925 653 3010 providos
669 2930 702 2989 et
718 2923 879 2992 discretos
895 2924 1142 2990 transmittimus
1157 2921 1230 2991 vice

106 3037 242 3114 nostra,
268 3033 412 3118 ipsorum
429 3033 609 3099 ministerio
634 3033 722 3100 cirea
747 3032 822 3099 illos
847 3031 1035 3117 Apostolice
1060 3031 1229 3099 servitutis

108 3139 258 3207 debitum
285 3140 493 3225 exolventes,
520 3140 754 3227 propterquod
779 3140 864 3206 viros
880 3142 1003 3208 electos
1027 3141 1069 3207 de
1093 3138 1229 3208 fratrum

106 3249 274 3316 Minorem
287 3247 418 3331 Ordine,
431 3250 519 3316 viros
536 3252 648 3336 utique
663 3269 823 3338 pauperes
840 3250 874 3318 in
891 3249 954 3316 hoc
969 3249 1100 3331 mundo,
1118 3247 1231 3316 infide

106 3358 242 3442 divites,
263 3358 296 3423 in
315 3359 388 3442 lege
404 3359 535 3426 Domini
551 3361 679 3446 plenius
695 3359 864 3443 eruditos,
892 3359 1031 3426 dilectos
1053 3357 1179 3428 scilicet
1195 3357 1229 3424 li-

106 3469 177 3535 lios
195 3467 314 3534 lralres
331 3468 491 3535 Marinum
511 3475 544 3534 et
561 3468 760 3554 Cyprianum
776 3470 900 3536 latores
913 3469 1122 3553 presentium,
1139 3469 1180 3533 ad
1198 3473 1231 3534 te

104 3575 263 3643 duximus
279 3575 503 3664 destinandos,
519 3584 553 3644 nt
568 3585 603 3643 tn
619 3583 757 3660 tuusque
774 3575 913 3662 populus
935 3577 1042 3661 ipsum
1054 3575 1116 3642 Dei
1131 3572 1231 3641 filium

100 3685 126 3752 J
129 3703 221 3751 esum
239 3682 415 3769 Christum,
433 3705 525 3752 suam
542 3685 718 3770 gloriosam
745 3693 880 3752 matrem
896 3701 936 3749 ac
952 3683 1028 3751 fidei
1044 3682 1228 3751 Christiane

103 3792 374 3861 observationem
390 3794 532 3880 ipsorum
550 3794 684 3862 fratrum
702 3793 901 3864 salutaribus
918 3792 1147 3860 traditionibus
1157 3790 1227 3878 ple·

101 3903 182 3967 nius
207 3903 407 3986 agnoscatis.
434 3899 533 3970 Fides
559 3909 665 3968 antem
692 3901 863 3970 catholiea
882 3899 941 3968 hee
968 3907 1018 3967 est
1033 3923 1041 3964 r
1059 3899 1228 3967 credimus

101 4011 196 4078 hano
206 4010 360 4078 Sanctam
371 4010 575 4089 Trinitatem,
589 4031 652 4076 non
663 4017 728 4077 tres
745 4011 843 4086 Deos,
858 4009 917 4076 sed
933 4029 1032 4076 unum
1042 4011 1146 4077 Deum
1163 4029 1228 4075 om-

103 4120 322 4206 nipotentem,
339 4127 506 4200 eternum,
537 4119 733 4186 invisibilem
759 4123 791 4184 et
816 4116 1132 4203 incommutabilem
1158 4137 1226 4185 cre-

102 4227 217 4293 dimus
234 4227 391 4294 Sanctam
402 4227 604 4296 Oatholieam
622 4233 653 4295 et
670 4227 895 4312 Apostolicam
912 4243 1007 4291 unarn
1023 4245 1097 4293 esse
1112 4245 1222 4294 veram

101 4336 302 4418 Ecclesium,
320 4333 352 4400 in
369 4357 435 4420 qua
451 4356 547 4402 unum
562 4336 657 4402 datur
682 4334 848 4420 baptisma
863 4341 897 4400 el
921 4355 1000 4402 vera
1016 4335 1158 4401 omnium
1179 4353 1229 4401 re·

39 4439 45 4450 '
102 4442 225 4512 missio
251 4451 478 4531 peccatorum,
505 4443 666 4512 eredimus
693 4445 791 4512 etiam
818 4463 926 4512 verum
955 4445 1229 4512 resurrectionem

101 4551 257 4621 eiusdem
275 4552 391 4636 carnis,
408 4573 506 4638 qnam
522 4573 607 4620 nunc
623 4557 797 4638 gestamus,
810 4557 842 4618 et
859 4551 959 4618 vitam
976 4557 1141 4637 eternam,
1159 4571 1228 4618 cre-

99 4664 214 4732 dimus
231 4660 331 4736 etiam
347 4664 423 4733 novi
440 4667 472 4728 et
486 4661 605 4734 veteris
621 4661 817 4746 testamenti,
833 4659 917 4752 legis
933 4681 972 4730 ao
988 4661 1220 4753 Prophetarum
