3116 5166
601 299 727 402 Q

96 499 252 567 ctoritate
277 497 477 582 presentium
503 496 704 568 facultatem.
731 501 855 568 Datum
880 499 1018 570 Viterbii
1045 502 1088 569 X.
1106 502 1228 570 Kalen·

96 607 158 676 das
176 605 340 691 Octobris,
357 605 571 674 Pontificatus
587 607 691 676 nostri
709 627 799 678 anno
815 610 932 696 primo.

199 801 262 874 (111.
274 801 381 861 Mikros
395 800 472 876 papa
485 801 688 876 Regcstaibdl,
704 803 833 863 Tbeiner
845 805 884 864 id.
898 824 935 864 m.
948 806 969 864 1.
981 808 1012 865 k.
1029 805 1095 865 ael.
1108 806 1130 878 l)

535 1105 792 1117 -ι-η

637 1654 695 1718 10.

105 1849 165 1932 13)
191 1848 222 1916 A
243 1852 336 1937 μόρα
359 1849 494 1936 suaper
518 1851 669 1936 pydntotd
692 1851 848 1938 atqjdcok
873 1853 993 1920 saebad
1017 1852 1235 1920 cdlamtdsdra

583 1961 749 2045 joposa‘lju.

213 2155 374 2224 Nicolaus
398 2153 585 2242 Episcopus
613 2173 728 2224 seruus
764 2174 931 2226 seruorum
958 2157 1022 2226 Dei
1057 2159 1238 2230 venerabili

104 2264 201 2332 fratri
227 2264 386 2352 Philippo
411 2263 579 2352 Episcopo
596 2263 750 2332 Firmano
767 2263 959 2350 Apostolice
985 2267 1082 2336 Sedis
1108 2269 1235 2356 Legata

104 2377 248 2442 salutem
274 2379 307 2440 et
329 2373 556 2460 Apostolicam
582 2371 856 2442 benedictionem.
884 2370 928 2438 Ut
947 2375 1105 2462 savorem,
1125 2385 1238 2460 quote

103 2480 301 2568 Apostolioa
326 2480 430 2550 Sedes
446 2483 676 2567 prosequitur,
704 2481 794 2548 eirca
812 2498 853 2548 oa
868 2481 1049 2570 potissime,
1067 2503 1130 2567 que
1146 2492 1235 2553 tuam

105 2591 248 2660 salntem
271 2589 472 2678 respiciunt,
498 2589 557 2658 tibi
583 2589 709 2657 sentias
725 2588 944 2676 profuturum,
961 2589 1160 2660 auctoritate
1177 2592 1237 2660 tibi

104 2700 308 2788 presentium
325 2698 542 2784 indulgemus,
554 2705 590 2766 ut
602 2697 877 2783 quandocumque
893 2703 926 2765 et
942 2700 1236 2786 quotienscumque

104 2807 260 2894 uolueris,
277 2807 421 2894 aliquem
447 2805 624 2874 discretum
650 2807 866 2894 presbiterum
892 2808 1076 2876 secularem
1092 2811 1147 2876 rel
1165 2810 1240 2880 reli·

105 2920 238 3006 giosum
264 2918 298 2984 in
323 2916 543 2986 consessorem
569 2922 659 2984 tuum
684 2913 793 3002 possis
810 2914 944 3002 eligere,
961 2917 1017 2998 qni
1034 2913 1147 2985 audita
1164 2937 1239 2986 con·

106 3027 256 3096 sessione
283 3031 340 3094 tua
365 3025 517 3112 iniungat
534 3024 595 3093 tibi
610 3044 669 3111 pro
687 3023 869 3093 commissis
885 3021 1100 3110 penitentiam
1116 3026 1238 3094 saluta·

106 3153 177 3202 rens
203 3140 237 3202 et
263 3134 456 3202 beneficium
481 3131 700 3204 absolutionis
726 3130 907 3218 impendat,
929 3131 992 3197 nisi
1009 3131 1092 3200 talia
1108 3131 1239 3220 suerint,

108 3247 246 3329 propter
271 3260 333 3326 que
360 3241 465 3310 Sedes
490 3237 685 3330 Apostolioa
710 3240 753 3308 sit
779 3238 892 3306 merito
919 3238 1132 3308 consulenda.
1148 3241 1241 3308 Nulli

110 3369 190 3434 ergo
216 3355 278 3418 etc.
304 3355 418 3418 nostre
443 3349 668 3421 concessionis
686 3357 746 3418 etc.
762 3349 885 3416 Datum
903 3345 1042 3416 Viterbii
1057 3347 1098 3415 X.
1117 3349 1238 3417 Kalen·

110 3459 173 3527 das
189 3457 354 3544 Octobris,
372 3457 588 3528 Pontificatna
603 3458 710 3528 nostri
725 3473 813 3524 anno
829 3455 944 3543 primo.

210 3652 272 3726 (ΙΙΙ.
286 3653 393 3714 Milulds
405 3651 485 3729 pdps
496 3651 699 3728 Regestdibdl,
713 3652 841 3713 Tbeiner
855 3651 894 3710 id.
909 3669 945 3708 m.
957 3650 979 3706 I.
993 3650 1021 3706 Ι.
1034 3649 1096 3706 ddi.
1109 3649 1141 3720 l.)
