3156 5158
604 302 763 406 Α

124 495 250 564 homine
266 503 378 564 nostro
393 495 437 563 ad
454 497 625 581 negocium
641 499 804 568 dictarum
821 499 968 584 parcium
984 498 1162 586 deputatis,
1173 519 1245 585 pro·

122 611 300 692 posuerunt
326 605 532 672 concorditer
558 626 668 674 eoram
685 608 789 686 nobis,
807 609 893 688 quod
910 625 1008 691 super
1033 618 1120 675 terra
1148 605 1246 674 Oslar

123 721 241 781 necata
256 715 290 779 in
305 712 468 782 Paroolria
484 713 647 782 Pestiensi
664 717 748 798 sita,
766 735 865 801 super
881 736 946 800 qna
962 726 1052 783 terra
1068 717 1244 802 contencio,

125 821 252 889 sinclis
269 841 381 889 coram
398 823 531 888 domino
546 823 638 908 Rege
660 822 775 890 fnisset
790 822 874 890 intor
891 824 1092 892 nominatam
1108 844 1246 910 genera·

124 929 247 995 cionem
264 937 297 996 ct
313 931 419 998 dictas
436 928 586 997 dominas
613 949 744 996 sorores
762 931 951 1014 snssoitata,
970 932 1186 1000 mediantibus
1201 937 1245 1000 ni·

123 1037 167 1102 ris
185 1037 349 1104 nobilibus
365 1037 619 1106 concordassent
646 1045 756 1122 partos
788 1039 953 1107 antedicto
963 1089 973 1124 ‚
999 1046 1032 1106 et
1056 1047 1091 1106 ut
1106 1039 1199 1108 firma
1213 1047 1246 1106 et

123 1150 282 1228 perpetua
295 1165 362 1230 pax
390 1163 520 1232 semper
536 1146 649 1230 vigeat
663 1154 694 1214 et
713 1157 903 1232 perseveret
919 1149 1004 1214 inter
1020 1155 1147 1236 partes,
1165 1149 1241 1216 talis

124 1252 243 1319 diuisis
261 1263 293 1322 et
310 1254 484 1322 distinctio
496 1255 625 1339 prefate
642 1263 729 1322 terre
745 1255 834 1324 sacta
850 1258 974 1324 exstitit
984 1259 1066 1324 inter
1076 1261 1247 1344 ipsaspre-

125 1363 271 1430 sontibus
297 1363 425 1429 homine
449 1362 573 1428 domini
599 1365 700 1449 Regis
727 1371 760 1430 et
775 1364 906 1432 homino
921 1371 1035 1433 nostro
1053 1366 1245 1450 memoratis,

124 1478 219 1556 prout
232 1471 327 1540 nobis
343 1472 444 1558 ijdem
459 1473 648 1540 retulerunt.
675 1471 772 1551 Quod
787 1492 808 1537 a
824 1473 926 1558 plaga
951 1471 1150 1542 occidentali
1170 1493 1246 1560 pars

124 1587 210 1645 terre
225 1581 373 1666 predicto
391 1583 494 1650 cessit
509 1581 634 1648 eisdem
656 1581 829 1664 nobilibus,
847 1590 879 1646 et
893 1583 953 1648 toti
968 1573 1179 1667 generationi
1195 1603 1247 1650 ao-

124 1687 269 1768 rnndem,
281 1697 406 1776 aparte
422 1709 498 1756 vero
515 1689 665 1758 orientali
680 1691 749 1756 alia
765 1709 843 1776 pars
859 1691 956 1757 cessit
965 1691 1158 1757 dominabus
1174 1710 1247 1777 pre-

124 1797 266 1882 notatis5
292 1817 356 1881 que
380 1805 494 1886 partos
519 1807 604 1887 terre
630 1799 875 1866 ameridionali
890 1798 992 1886 plaga
1009 1799 1198 1884 incipiendo
1215 1805 1248 1864 et

124 1923 239 1972 uersus
265 1909 395 1992 plagam
423 1908 721 1992 septemtrionalem
747 1907 932 1991 tendendo,
960 1907 1083 1973 talibus
1104 1908 1199 1973 metis
1216 1914 1249 1974 et

122 2014 272 2079 terminis
288 2014 538 2099 distinguuntur.
555 2017 664 2082 Primo
681 2015 723 2082 ab
746 2017 820 2101 ipsa
835 2020 931 2101 parte
947 2014 1157 2082 meridionali
1172 2016 1249 2081 inci-

121 2121 245 2207 piendo
256 2129 406 2190 sunttres
416 2125 577 2212 capitales
587 2121 672 2190 mete
683 2129 792 2189 otnna
802 2143 888 2192 noua
899 2123 933 2188 in
943 2132 1052 2190 monte
1068 2143 1198 2211 magno,
1215 2127 1248 2192 in

121 2249 187 2312 quo
204 2236 314 2298 monte
330 2239 380 2300 est
390 2231 505 2318 fouea;
522 2232 601 2300 inde
618 2232 789 2300 descendit
805 2233 970 2299 demente
986 2232 1152 2317 peruiam,
1162 2235 1250 2303 etibi

121 2345 201 2405 sunt
217 2337 282 2408 dne
297 2359 382 2409 novo
396 2348 500 2425 mets;
527 2343 569 2408 de
584 2341 661 2408 inde
678 2341 771 2408 vadit
787 2339 943 2407 adfinem
968 2339 1048 2405 uilla
1073 2340 1189 2426 Oslar,
1217 2353 1249 2411 et

120 2447 168 2510 ibi
195 2456 274 2516 sunt
298 2449 361 2516 dua
386 2468 471 2516 noue
486 2456 592 2536 mete;
614 2451 690 2516 hinc
707 2448 942 2517 descendendo
959 2448 1168 2536 admotum,
1193 2451 1249 2520 ubi

119 2559 367 2629 consueuerant
383 2577 459 2627 esse
474 2559 633 2647 paludes,
650 2565 729 2628 sunt
743 2560 806 2625 due
822 2577 907 2625 nove
923 2567 1026 2644 mete;
1042 2559 1120 2626 inde
1134 2561 1251 2628 transit

119 2675 274 2754 pratum,
291 2673 324 2734 ct
339 2687 453 2753 parum
470 2688 528 2754 per
544 2669 630 2738 riam
651 2667 852 2736 transeundo
861 2717 870 2751 ,
898 2673 931 2734 et
956 2666 1188 2736 asscendendo
1205 2668 1250 2735 ad

116 2784 220 2844 extus
246 2775 292 2842 acl
318 2781 461 2842 montem
487 2796 603 2846 uersus
629 2780 783 2844 orientem
799 2781 875 2845 sunt
890 2775 953 2842 due
969 2794 1055 2844 noue
1071 2783 1171 2862 mote;
1196 2775 1250 2843 in-

117 2887 162 2951 de
173 2885 410 2954 descendendo
423 2887 464 2954 de
474 2893 581 2955 monto
591 2889 679 2956 cirea
687 2889 776 2955 uiam
786 2895 862 2954 suut
873 2887 938 2954 due
949 2905 1034 2954 noue
1043 2893 1138 2970 meto,
1149 2893 1183 2953 et
1192 2906 1251 2972 per

115 2997 215 3060 uiam
231 2995 338 3062 eundo
355 2995 474 3061 transit
489 2997 633 3062 metatim
649 3015 711 3081 per
727 2994 822 3061 binas
840 3002 945 3061 metae
961 2994 1003 3062 ad
1014 2999 1131 3078 crtum,
1142 2995 1175 3060 in
1186 3014 1250 3078 quo

116 3113 201 3170 sunt
217 3103 358 3188 fructus;
385 3103 507 3171 deinde
531 3103 624 3170 vadit
649 3105 692 3170 ad
718 3111 839 3170 terram
855 3104 954 3189 Apati
972 3111 1135 3188 uocatam,
1154 3109 1186 3169 et
1202 3103 1248 3170 ihi

115 3220 203 3280 sunt
231 3218 299 3280 tres
314 3219 400 3300 mete
409 3263 419 3296 ‚
436 3233 498 3278 oua
516 3221 602 3280 meta
618 3216 669 3280 est
683 3211 842 3280 dictarum
858 3213 1085 3293 dominarum,
1111 3212 1178 3278 alia
1199 3219 1250 3278 est

113 3323 342 3408 predictorum
358 3321 534 3408 nobilium,
561 3323 666 3390 tercia
681 3341 760 3389 vcro
777 3329 864 3390 meta
881 3329 932 3390 est
948 3322 1027 3387 uille
1044 3320 1143 3407 Apati
1159 3327 1249 3386 ante·

114 3435 231 3515 diete;
260 3441 293 3496 et
317 3432 364 3497 ibi
389 3435 590 3498 terminatur.
618 3435 774 3498 Preterea
799 3432 954 3498 dixerunt
978 3437 1101 3514 partes,
1118 3425 1249 3512 quodsi

107 3540 322 3626 jobagiones
332 3539 532 3606 dominarum
544 3540 704 3607 voluerint
714 3539 1250 3619 sessionemauamunquamtrans·

112 3655 357 3728 mutare,auta
367 3650 439 3714 loeo
449 3647 482 3711 in
493 3665 557 3730 quo
567 3648 853 3726 nuneresident,in
864 3646 1079 3716 aliumloeum
1090 3645 1252 3712 voluerint

108 3777 150 3825 se
178 3753 384 3836 transferre,
410 3774 514 3841 prope
538 3753 657 3820 dietam
683 3754 944 3834 distinctionem,
963 3753 995 3816 in
1012 3771 1078 3835 qua
1093 3761 1250 3818 metarum

110 3885 244 3934 cursus
263 3863 413 3950 procedit
426 3863 557 3950 prefate
583 3870 677 3947 terre,
705 3872 861 3947 qnantum
876 3861 920 3928 ad
936 3865 1057 3930 iactum
1074 3863 1169 3930 unius
1185 3881 1250 3926 ma-

108 3978 176 4059 gni
195 3974 338 4054 saeuus,
355 3971 490 4055 sedere,
517 3991 575 4039 seu
591 3971 746 4040 collocari
761 3991 907 4058 propyns
941 3991 1006 4037 non
1022 3968 1191 4038 deberent.
1209 3971 1252 4036 ut

107 4092 148 4152 ut
164 4085 240 4151 hec
255 4081 433 4150 connencio
450 4081 521 4146 siue
536 4080 700 4148 ordinacio
726 4091 758 4146 et
775 4079 891 4148 divisio
908 4079 1000 4147 faeta
1015 4085 1171 4166 perpetue
1188 4086 1252 4142 sta-

106 4193 267 4260 bilitatis
293 4190 442 4258 obtineat
465 4189 710 4272 firmamentum,
737 4195 770 4256 ct
793 4209 835 4255 ne
850 4208 911 4275 per
927 4187 1069 4271 aliquem
1085 4189 1127 4254 de
1143 4191 1253 4252 cetero

104 4319 288 4392 processu
303 4301 463 4383 temporis
478 4299 592 4364 ualeat
608 4299 662 4364 uel
678 4297 801 4365 debeat
816 4297 1006 4380 retractari,
1032 4301 1203 4383 presentes
1219 4293 1252 4358 in

103 4409 355 4480 testimonium
381 4413 414 4476 st
439 4407 643 4476 euidentiam
668 4408 712 4473 ad
737 4407 937 4489 frequentem
963 4407 1111 4492 parcium
1127 4403 1251 4469 instan-

101 4523 222 4602 ciam,
242 4517 347 4602 sigilli
363 4517 466 4584 nostri
481 4517 657 4584 munimine
672 4517 864 4584 contulimus
874 4517 1057 4582 roboratas.
1076 4514 1168 4579 Anno
1185 4511 1251 4577 Do·

101 4631 197 4700 mini
217 4626 273 4695 M⁰
288 4623 362 4695 00⁰
377 4625 485 4692 LXX⁰
500 4630 618 4710 quarto
649 4625 860 4694 merentum
874 4631 942 4692 tum
956 4626 1113 4707 magistro
1129 4620 1250 4705 Grego-
