3156 5158
742 291 745 301 “
869 295 916 362 20

325 509 495 576 operosam
511 488 662 557 fiduciam
680 489 857 558 seruiendi.
874 490 946 557 Hoc
962 491 1060 577 igitur
1076 499 1257 580 pensantes
1267 509 1308 558 ex
1324 488 1445 575 animo,

324 599 385 666 hoc
400 597 516 684 Regali
525 597 747 666 moderamine
758 600 793 666 in
804 596 913 667 cordis
923 598 1246 669 nostrireuolueutes
1258 599 1443 682 armariolo,

324 707 445 774 noticie
460 715 646 775 cunctorum
662 709 878 791 declaramus,
904 707 1080 792 quodcum
1108 707 1236 775 nobiles
1260 708 1322 774 viri
1348 706 1446 774 Nico·

324 817 407 897 laus,
424 815 522 902 Vgra,
540 815 736 883 Valentinus
752 821 785 882 et
800 814 962 901 Ypolitus,
979 812 1037 882 lilii
1054 813 1195 883 Comitis
1214 815 1349 902 Ypoliti,
1365 813 1444 880 iide-

324 925 375 993 les
390 925 501 1010 nostri,
519 924 695 1012 aprimeuo
705 923 883 991 iuuentutis
894 944 954 992 sue
963 924 1124 1009 principio
1134 943 1197 992 auo
1212 931 1325 991 nostro
1341 926 1373 990 et
1388 941 1445 1009 pa-

323 1032 365 1100 tri
380 1039 493 1101 nostro
511 1033 790 1104 mctouosimimis
806 1033 1011 1117 Vngarorum
1032 1033 1177 1119 Regibus
1193 1033 1321 1119 piarum
1337 1049 1446 1098 recor-

320 1139 504 1226 dationum,
522 1160 562 1210 ac
577 1142 672 1210 nobis
688 1142 817 1210 demum
834 1161 875 1209 ex
891 1141 1079 1227 conspicuis
1095 1141 1224 1210 actibus
1249 1141 1446 1210 meruissent

321 1249 543 1335 multipliciter
559 1250 774 1336 complacere,
792 1249 931 1318 diuersis
948 1249 1111 1320 clarentes
1135 1251 1322 1318 meritorum
1347 1249 1447 1316 uirtu-

323 1355 420 1440 tibus,
439 1375 476 1423 se
491 1362 525 1422 et
540 1375 618 1423 suos
635 1356 666 1421 in
683 1357 834 1424 omnibus
850 1356 955 1441 Regni
965 1355 1234 1443 expeditionibus
1244 1357 1447 1426 etbellorum

324 1465 494 1532 edentibus
518 1471 556 1530 ut
579 1465 690 1533 leones
715 1462 869 1550 intrepidi
889 1464 1001 1550 dubijs
1016 1463 1145 1533 fortune
1161 1467 1294 1534 casibus
1310 1464 1446 1532 submit·
1563 1461 1564 1500 r

324 1574 443 1659 tendo,
460 1581 495 1640 et
509 1575 697 1660 specialiter
712 1575 746 1639 in
761 1573 952 1642 memoriam
968 1581 1170 1662 reuocantes,
1181 1575 1267 1660 quod
1283 1593 1355 1643 cum
1366 1575 1446 1640 Boe-

325 1703 448 1750 morum
465 1685 535 1749 Rex
550 1683 627 1750 olim
643 1686 748 1770 putris
764 1685 881 1772 nostri,
897 1703 982 1751 nunc
1002 1703 1082 1754 uero
1100 1691 1216 1754 noster
1231 1693 1264 1750 et
1273 1683 1379 1768 Regni
1390 1701 1447 1748 no·
1563 1669 1564 1722 l

325 1792 384 1857 stri
400 1792 555 1877 capitalis
570 1791 729 1867 inimicus,
748 1789 823 1858 fidei
840 1811 899 1859 sue
914 1793 1075 1877 uiolator,
1091 1793 1198 1860 fracta
1213 1811 1319 1881 pace,
1339 1792 1444 1877 ruptis

326 1899 447 1984 treugis
463 1905 498 1966 et
514 1899 673 1984 neglectis
689 1900 857 1967 iuramenti
883 1900 934 1968 eui
949 1899 1110 1983 uinculis,
1144 1901 1267 1967 ducens
1283 1917 1396 1966 secum
1413 1898 1447 1961 iu

326 2006 481 2074 auxilium
498 2004 608 2074 florem
624 2007 744 2075 milicie
760 2008 864 2076 locius
890 2009 1060 2092 Almanie,
1085 2007 1166 2075 fines
1192 2009 1296 2094 Regni
1312 2008 1446 2093 Hungu-

326 2115 374 2182 rie
387 2117 618 2203 potencialiter
628 2115 952 2204 adhijsset,Jariuum
963 2115 1052 2205 (lgy)
1063 2125 1096 2184 et
1107 2117 1244 2200 quedam
1257 2118 1324 2184 alia
1335 2123 1447 2184 eastra
1563 2155 1564 2200 p

326 2224 593 2310 prodicionaliter
612 2227 824 2314 occupaud0;
841 2247 967 2312 nosque
992 2227 1035 2293 ad
1050 2227 1334 2314 recuperacionem
1362 2225 1447 2292 eius·
1563 2285 1564 2288 ,

327 2335 401 2402 dem
418 2334 526 2401 castri
543 2335 726 2404 Jauriensis
742 2335 1007 2421 accessissemus,
1017 2335 1103 2402 idem
1119 2337 1209 2422 Vgra
1219 2335 1304 2403 filius
1321 2327 1446 2420 Ypoliti

326 2441 359 2508 in
376 2445 625 2530 expuguaeione
641 2445 788 2513 eiusdem
805 2443 912 2510 (lustri
933 2443 1119 2512 Javrieusie
1129 2451 1197 2510 tam
1213 2445 1333 2512 iaculis
1349 2461 1446 2527 quam

325 2550 472 2639 lapidum
497 2551 616 2619 ictibus
641 2554 755 2620 mortis
786 2552 956 2618 articulum
983 2573 1043 2638 pro
1061 2553 1168 2638 Regni
1193 2551 1366 2620 commodo
1382 2571 1446 2618 non
1563 2553 1564 2556 ’

325 2667 472 2730 metuens
488 2662 612 2728 wluera
621 2661 736 2728 letalia
747 2659 964 2746 subportauit.
973 2660 1012 2726 In
1022 2659 1201 2744 aliqualem
1211 2661 1310 2756 igitur
1322 2680 1445 2726 reeom-

326 2771 558 2855 pensacionem
574 2776 622 2837 tot
637 2777 670 2838 et
686 2777 851 2837 tantorum
867 2769 1080 2836 seruiciorum
1107 2791 1257 2851 sucrum,
1281 2769 1359 2837 licet
1377 2789 1443 2834 ma·
1563 2767 1564 2776 ’

326 2879 450 2946 ionibus
465 2877 555 2964 digni
570 2878 781 2963 haberentur,
797 2877 968 2962 quamdam
983 2885 1103 2946 terram
1130 2880 1376 2947 uduornicalem
1393 2877 1444 2944 Li·

327 2987 479 3058 udalelde
496 2992 644 3054 vocatam
661 2989 703 3055 ad
722 3006 817 3054 usum
832 2987 928 3053 trium
944 2992 1126 3054 aratrorum
1142 2987 1366 3072 sufficientem,
1378 2988 1445 3052 iux·

326 3103 361 3166 ta
376 3104 497 3166 terram
514 3095 688 3164 eorundem
714 3095 853 3163 filiorum
871 3097 1009 3165 Comitis
1034 3097 1158 3183 Ypoliti
1186 3097 1272 3183 Elya
1297 3101 1447 3164 uocatum
1563 3113 1564 3118 ¹

326 3207 553 3288 adiacentem,
571 3205 750 3292 sepedictis
764 3204 840 3272 filiis
856 3206 992 3275 Comitis
1018 3205 1163 3292 Ypoliti,
1183 3215 1215 3274 et
1230 3224 1288 3292 per
1303 3225 1361 3274 eos
1378 3205 1446 3272 suis
1563 3209 1564 3216 ’

325 3315 512 3402 heredibus,
528 3299 750 3400 heredumque
766 3335 898 3384 suorum
914 3317 1158 3384 successoribus
1169 3313 1329 3390 dedimus,
1346 3313 1446 3380 dona-

327 3423 431 3491 vimus
447 3433 479 3492 et
505 3425 698 3492 contulimus
724 3430 883 3510 perpetuo
909 3423 1154 3510 possidendam.
1182 3423 1220 3488 ln
1246 3423 1338 3490 cuius
1362 3433 1446 3489 terre

327 3533 530 3620 corporalem
545 3534 788 3620 possessionem
804 3534 937 3602 eosdem
954 3535 1134 3619 Nycolanm
1163 3541 1197 3599 et
1220 3553 1296 3601 suos
1322 3531 1443 3600 fratres

327 3663 384 3728 per
399 3641 558 3710 Comitem
573 3642 762 3710 Gabrielem
777 3641 909 3710 fidelem
925 3649 1072 3712 nostrum
1089 3643 1150 3710 sub
1161 3640 1350 3709 testimonio
1367 3639 1448 3707 Cen-

328 3757 442 3836 ventus
458 3751 679 3839 Symigiensis
694 3751 785 3822 nullo
801 3752 929 3838 penitus
951 3754 1190 3822 contradictore
1207 3753 1388 3834 existente,
1405 3750 1448 3816 si-

328 3866 382 3928 eut
397 3861 429 3925 in
446 3859 593 3926 eiusdem
609 3859 796 3928 Conuentus
812 3861 943 3944 litteris,
960 3861 1011 3928 oui
1032 3861 1274 3949 iuspecoionem
1291 3865 1324 3925 et
1341 3877 1447 3925 ream-

327 3966 534 4035 bulacionem
549 3968 636 4033 dicte
651 3974 737 4036 terre
751 3967 794 4038 de
808 3969 967 4038 mandato
977 3971 1161 4056 specialiter
1172 3971 1450 4050 commiseramus,

328 4074 486 4145 contineri
510 4075 660 4160 vidimus,
676 4077 812 4145 fecimus
838 4078 1007 4146 introduci.
1034 4081 1076 4146 Vt
1099 4077 1199 4162 igitur
1227 4075 1320 4144 huius
1338 4085 1450 4144 nostre

329 4181 520 4251 donacionis
536 4201 595 4251 seu
621 4186 813 4255 collaciouis
829 4189 933 4258 series
949 4189 1048 4256 robur
1063 4189 1212 4272 optineat
1227 4193 1385 4273 perpetue
1395 4185 1451 4251 lir-

329 4291 454 4360 mitatis
462 4341 472 4377 ,
497 4311 559 4360 nee
584 4311 739 4378 processu
754 4302 936 4384 temporum
952 4297 1057 4382 possit
1072 4297 1105 4362 in
1121 4296 1247 4364 irritum
1263 4315 1323 4380 per
1339 4313 1451 4379 quem·
1562 4329 1564 4336 Α

329 4401 416 4487 piam
442 4399 610 4486 reuocari,
637 4410 806 4486 presentes
833 4408 1054 4474 concessimus
1079 4405 1192 4474 literas
1218 4405 1319 4490 sigilli
1344 4403 1451 4471 nostri

330 4509 471 4594 duplicis
487 4509 664 4578 munimine
679 4513 863 4583 roboratas.
886 4516 1005 4581 Datum
1015 4534 1075 4601 per
1090 4535 1205 4583 manns
1220 4514 1371 4598 magistri
1385 4515 1451 4581 Be-

329 4615 450 4686 nedicti
467 4615 658 4687 Orodiensis
673 4621 821 4690 Ecclesia
842 4624 1005 4708 Prepesiti
1029 4624 1105 4690 aule
1130 4631 1238 4690 nostre
1265 4622 1447 4690 Viae-(lan-
