3142 5164
821 903 900 968 tau.

303 1107 324 1171 Ι
329 1105 363 1172 V.
382 1104 498 1172 Loaald
521 1103 630 1190 kirtly
646 1103 784 1168 11άέέὼ
796 1101 863 1166 toth
878 1102 1046 1185 ruhault,
1071 1100 1129 1167 kik
1154 1099 1251 1189 adalp
1267 1123 1289 1166 α
1304 1101 1433 1166 tdrsuoki
1537 1090 1539 1170 l

498 1209 655 1298 szolpollot
670 1213 754 1276 olott
768 1209 882 1289 allicio,
899 1209 1118 1297 meyoemooltc'.
1135 1209 1234 1276 1280.

411 1425 588 1498 Ladislans
613 1429 678 1496 Dei
703 1426 819 1512 gracia
843 1383 1037 1510 Hungarie,
1061 1424 1253 1508 Dalmacie,
1281 1427 1430 1504 Groneie,

305 1539 409 1605 Rame
418 1588 427 1622 ‚
443 1535 575 1618 seroie,
601 1536 741 1604 Gallioie
750 1585 761 1620 ‚
782 1533 978 1602 Lodomerie
988 1583 997 1619 ,
1014 1530 1194 1618 (luntario,
1212 1532 1432 1620 Bulgarieque

304 1648 375 1714 Rex
392 1647 437 1714 ad
452 1648 678 1714 universorum
703 1643 861 1712 noticiam
878 1643 1028 1711 volumus
1050 1645 1226 1727 pervenire
1242 1665 1250 1706 :
1268 1642 1360 1726 quod
1376 1643 1432 1711 (lo
1544 1676 1545 1710 r

304 1871 409 1930 stram
425 1862 618 1931 accedendo
643 1863 851 1948 presenciam
867 1883 889 1930 a
906 1859 1003 1928 nobis
1020 1858 1186 1927 humiliter
1212 1859 1431 1946 supplicando

304 1973 494 2058 postulavit,
510 1975 546 2038 ut
562 1972 670 2056 ipsum
688 1971 730 2040 ob
747 1970 862 2038 merita
879 1961 1092 2038 serviciomm
1110 1987 1243 2037 suorum
1258 1969 1356 2036 nobis
1374 1971 1430 2036 inr-

305 2097 493 2164 pensornm,
510 2085 544 2146 et
559 2099 619 2165 por
635 2099 709 2146 eum
725 2078 867 2147 anbor
891 2077 1025 2144 fratrem
1049 2095 1162 2159 suum,
1188 2075 1385 2145 Furcasium
1401 2085 1433 2146 ct
1548 2069 1549 2080 ἶ

306 2191 390 2257 Bora
407 2185 492 2252 tilios
503 2187 604 2272 Bene,
615 2185 763 2255 Giroltet
774 2185 989 2272 Augustinum
999 2185 1085 2254 filios
1102 2183 1264 2270 Gregorij,
1281 2185 1385 2271 Helys
1402 2193 1434 2255 et

303 2296 436 2381 Kemyn
453 2302 613 2380 cognatos
639 2317 717 2364 suos
733 2299 776 2365 de
802 2297 881 2365 uilla
898 2296 1049 2382 'l'hymar
1064 2293 1106 2361 de
1131 2296 1268 2380 populis¹
1291 2295 1432 2362 tauerni·
1551 2361 1552 2374 ,

306 2421 418 2471 corum
454 2412 641 2472 nostrorum
673 2405 827 2475 orlendos
852 2407 896 2473 ab
922 2424 1024 2472 onere
1054 2403 1159 2490 ipsius
1179 2399 1433 2471 thavernieatus

306 2511 490 2599 eximendo,
507 2532 580 2580 eum
596 2521 685 2582 terra
700 2515 846 2600 ipsorum
869 2515 903 2582 in
919 2513 1001 2581 villa
1017 2513 1165 2599 'l'bymar
1181 2513 1349 2582 existente
1364 2514 1433 2580 exi·

305 2639 413 2706 more,
440 2627 474 2690 et
489 2621 524 2690 in
550 2627 659 2689 cetum
675 2629 708 2690 et
728 2613 907 2705 'collegium
932 2622 1105 2706 Regallnm
1131 2620 1351 2690 uerriencinm
1377 2640 1433 2687 no·
1460 2681 1466 2692 ,

305 2735 445 2797 atrorum
470 2729 651 2798 transferre
668 2729 884 2814 dignaremur.
902 2731 973 2797 Nos
998 2729 1099 2813 igitur
1126 2727 1347 2797 consideratis
1364 2741 1448 2796 ser·¹

304 2837 400 2904 viciis
415 2837 521 2924 ipsius
538 2837 673 2906 (lomitls
689 2835 820 2922 Matbei,
836 2857 900 2921 qne
919 2838 962 2905 ab
980 2836 1214 2906 adolescencie
1231 2855 1291 2904 sue
1307 2844 1434 2922 tempo·

305 2944 406 3032 ribus,
424 2949 563 3032 primum
581 2944 713 3013 domino
737 2947 821 3032 Regi
838 2946 1006 3032 Stephano
1023 2947 1111 3033 patri
1135 2952 1246 3015 nostro
1261 2945 1434 3034 impendit,

306 3059 438 3124 etcum
464 3053 551 3122 dicto
577 3055 669 3140 Rege
697 3061 792 3140 patre
817 3060 930 3122 nostro
956 3055 1044 3122 viam
1069 3055 1222 3124 universe
1248 3056 1359 3124 carnis
1384 3056 1435 3122 in-

304 3179 421 3249 gresso
437 3161 545 3249 Regni
560 3161 814 3247 gubernaculum
839 3169 872 3229 et
887 3162 1025 3248 Regium
1041 3163 1159 3232 solium
1187 3161 1301 3249 adepti
1318 3163 1434 3234 luisse

305 3287 377 3336 mus
389 3270 468 3356 jure
484 3275 519 3338 et
534 3269 649 3338 ordine
664 3270 834 3357 geniture,
858 3269 965 3338 dictos
981 3271 1135 3348 Mothous
1152 3273 1270 3342 (lomes
1285 3271 1323 3340 in
1337 3272 1434 3340 domo

305 3383 421 3445 nostra
431 3378 558 3464 jugiter
573 3377 785 3466 famulando,
802 3385 836 3446 et
852 3377 992 3448 dirersis
1010 3381 1136 3450 notibus
1152 3381 1232 3467 suis,
1250 3389 1284 3448 et
1300 3380 1433 3467 conspi-

307 3505 438 3553 euorum
472 3486 685 3555 seruioiomm
717 3505 847 3555 suorum
874 3489 1050 3574 generibus
1074 3485 1297 3575 multiplieiter
1323 3509 1437 3557 coram

306 3594 410 3662 oculis
427 3601 540 3664 nostre
557 3593 743 3666 Maiestatis
769 3599 943 3666 meruisset
959 3590 1201 3683 commendari,
1219 3605 1253 3665 ct
1270 3599 1312 3666 ob
1329 3597 1436 3669 tideli-

305 3709 410 3771 tatem
427 3703 555 3771 (lorone
570 3703 675 3788 Regio
692 3703 837 3774 debitam
853 3726 890 3774 se
901 3705 1042 3776 dirersis
1059 3707 1189 3775 fortune
1201 3707 1336 3776 casibus
1361 3709 1439 3776 snb·

305 3809 438 3881 mittere
454 3829 620 3896 nunquam
636 3811 867 3899 formidasset,
894 3815 1097 3884 voluntatem
1114 3823 1147 3884 et
1168 3823 1362 3904 preceptum
1377 3835 1439 3884 no·

304 3927 407 3989 strum
423 3921 590 4008 sagaciter
605 3922 639 3990 in
656 3923 816 4009 omnibus,
832 3927 906 3994 loco
923 3933 957 3994 et
968 3931 1115 4013 tempore
1127 3925 1320 4014 opportunis
1336 3923 1440 3994 effoc-

304 4029 352 4095 tui
368 4028 609 4114 mancipend03
634 4049 673 4098 ec
700 4031 799 4099 etiam
824 4037 994 4120 tempore,
1021 4053 1094 4100 oum
1110 4035 1260 4120 Regnum
1283 4039 1440 4102 nostrum

304 4155 363 4223 por
379 4134 502 4202 bellum
517 4135 710 4206 intestinum
727 4145 759 4207 et
776 4139 999 4209 extrinsecum
1015 4141 1161 4229 puericie
1177 4152 1288 4212 nostre
1304 4149 1439 4229 tempo-

304 4243 395 4310 ribus
411 4247 480 4311 tere
496 4245 540 4313 ad
557 4245 820 4317 exinanicionem
846 4249 979 4319 virtutis
991 4247 1039 4336 (l)
1057 4257 1204 4320 extreme
1230 4249 1441 4338 devenisset,

304 4351 395 4419 idem
421 4351 541 4422 (lomes
557 4355 709 4423 distheos
734 4357 768 4424 in
794 4357 1021 4445 legacionibus
1046 4359 1168 4429 nostris
1193 4359 1442 4445 multiplicibus

304 4459 513 4546 insudando,
539 4461 572 4527 in
590 4465 740 4534 omuibus
767 4474 800 4534 et
819 4487 881 4554 per
907 4470 1017 4538 omnia
1041 4489 1101 4557 pro
1127 4465 1299 4538 commodo
1327 4471 1444 4554 Regni

305 4571 410 4640 cosmi
433 4571 641 4658 invigilando
668 4579 813 4644 nostram
837 4573 1003 4646 effecisset
1028 4577 1240 4648 voluntatem.
1275 4575 1374 4646 Unde
1404 4583 1441 4648 in

198 1842 200 1846 .
305 1773 374 1820 mes
389 1754 541 1821 Matbeus
568 1754 676 1822 fidelis
693 1751 917 1821 etfamiliaris
941 1751 1131 1820 tavernicus
1156 1758 1286 1833 noster,
1301 1749 1347 1818 ad
1374 1772 1428 1818 no·
1545 1774 1546 1792 1
