3142 5170
788 301 946 410 *ld-4-

301 503 520 584 nuncupatam
548 497 639 564 iuxta
654 499 849 566 Mensuraba
873 496 1102 582 adiacentem,
1128 498 1182 562 cni
1208 519 1228 562 a
1252 502 1349 582 parte
1365 514 1432 560 me·

300 604 454 674 ridionali
470 605 674 692 llorucbyda
689 606 871 684 vicinatur,
897 611 929 672 et
955 611 1087 689 aparte
1113 604 1373 687 septemtrionali
1389 603 1432 668 si·

300 713 422 780 militer
450 714 635 780 vicinantur
659 714 787 782 nobiles
813 712 855 780 de
880 712 1006 780 Bobwd
1028 720 1062 782 et
1078 711 1250 779 Musuuian
1267 747 1312 759 -
1327 709 1432 777 -de

302 839 462 888 consensu
479 830 512 886 et
536 821 746 906 beneplacito
768 822 910 887 omnium
926 820 1142 897 Prolatorum,
1160 817 1432 905 Arcbicpiscopo·

301 949 383 1011 rum,
400 928 638 1014 Episcoporum
655 935 688 994 et
704 928 869 996 Beronum
887 936 1071 996 nostrorum
1099 928 1250 995 dedimus
1275 933 1339 993 eto.
1365 927 1433 994 Da·

302 1043 371 1102 tum
380 1056 440 1123 per
455 1055 571 1102 manus
588 1037 739 1121 magistri
749 1035 916 1103 Theodori
933 1036 1088 1102 albensis
1105 1035 1255 1102 Ecclesia
1270 1035 1433 1121 Prepositi

302 1146 378 1212 aule
394 1151 507 1212 nostre
532 1144 829 1230 Vico-(lancellarij
847 1143 1153 1211 mconxxxvn0.

303 1356 360 1426 (Aa
372 1357 483 1414 eredeti
498 1354 570 1412 ntan
583 1359 675 1412 ccccl.
697 1357 828 1415 'livadar
851 1355 957 1427 lsirdlyi
979 1355 1177 1412 allancselldr
1196 1373 1375 1429 manasen
1388 1356 1433 1414 cvi

304 1446 365 1504 mds
379 1445 605 1520 okmlnyolrban
619 1445 802 1520 calmontetik
818 1447 1003 1520 „Prepesitns
1016 1444 1233 1516 Scibiniensis“,
1247 1465 1326 1518 vcgy
1348 1447 1435 1518 „Pre-

304 1537 415 1608 positns
429 1534 651 1606 Soebenionsis,
675 1537 782 1595 Sancte
805 1537 945 1594 Albensis
965 1536 1100 1592 Ecclesie
1121 1536 1266 1592 Electus!
1291 1537 1324 1593 11.
1347 1536 1436 1608 nsjer

305 1626 553 1700 ccd.1)ip1,v.k.
566 1629 593 1684 8.
607 1647 630 1684 r.
643 1629 705 1683 339.
723 1629 766 1684 slr.
778 1627 809 1684 ll.
821 1626 975 1684 Cneobnel
989 1625 1184 1683 mbsolatdbdl
1195 1625 1341 1696 litetaaib
1356 1627 1435 1698 bogy

358 1735 393 1775 aa
405 1735 493 1792 maga
505 1737 540 1776 aa
552 1719 662 1776 eredeti
675 1717 745 1775 utria
757 1715 873 1774 lrdsattlt
885 1734 992 1790 ugyan,
1003 1717 1039 1772 de
1051 1716 1119 1789 igen
1132 1715 1383 1787 elbamarlrodva)

737 2611 746 2634 ,
833 2541 909 2608 rso.

307 2761 367 2826 111
380 2759 540 2825 Honorias
552 2762 642 2845 pcipe
659 2759 824 2826 abaco
839 2761 1022 2845 materpomi
1031 2761 1146 2826 aaron
1156 2758 1433 2846 mcpbotabmozsc,

309 2866 390 2953 bopy
405 2887 427 2930 a
443 2868 592 2947 tetdrok,
617 2869 834 2950 moraesdcolr,
849 2869 1005 2956 aeaperole
1021 2871 1052 2932 6⁸
1073 2869 1241 2953 popdopolc
1267 2865 1347 2933 eden
1363 2865 1433 2930 Μα-

307 2975 559 3062 pyororsadpbao
575 2978 607 3040 ea
622 2995 643 3038 a
658 2975 812 3041 sacrmed
827 2975 1014 3042 ciddleekbea
1041 2975 1293 3042 bercsatbdbomit
1320 2975 1433 3040 birds·

752 3084 867 3152 baccea.
891 3085 989 3150 1287.

416 3298 581 3368 Honorius
607 3300 796 3384 Episcopus
821 3318 937 3370 seruus
961 3319 1129 3368 seruorum
1157 3299 1220 3367 Dei
1253 3295 1432 3366 venerabili

309 3407 400 3473 tratri
417 3457 425 3474 .
445 3455 453 3472 .
471 3455 479 3472 .
495 3407 754 3492 Arcbiepiscopo
771 3407 990 3490 strigoniensi
1007 3409 1149 3474 salntem
1165 3417 1198 3474 et
1209 3407 1433 3490 Apostolicam
1568 3463 1569 3466 ,

310 3515 587 3583 benedictionem.
616 3516 651 3583 Si
678 3533 796 3599 sparsa
811 3515 939 3584 semina
955 3515 996 3582 de
1012 3517 1136 3599 gremio
1152 3515 1267 3582 Matris
1285 3513 1434 3580 llccleaio

310 3622 474 3689 seminata
498 3623 688 3690 carissimus
714 3623 745 3686 in
773 3619 902 3688 Christo
916 3623 1005 3690 filius
1021 3627 1133 3690 noster
1149 3623 1186 3690 L.
1203 3623 1274 3688 Rex
1289 3619 1435 3704 ngarie
1568 3637 1569 3646 ¹

311 3730 453 3798 Illustris
470 3731 652 3814 colligeret,
669 3728 790 3796 Divine
807 3729 913 3814 gratie
924 3729 1175 3816 participatione
1186 3729 1332 3810 sentiret,
1347 3728 1435 3810 quod

310 3839 386 3923 ipsa
397 3838 548 3906 Ecclesia
559 3837 806 3924 progenitorum
822 3854 953 3905 suorum
963 3840 1079 3907 merita
1095 3839 1187 3906 clara
1202 3856 1435 3918 rememorans,
1568 3831 1569 3852 ¹

312 3965 386 4014 eum
404 3945 553 4014 baiulare
570 3966 609 4012 ac
626 3947 752 4012 lactare
768 3947 856 4030 oepit
871 3953 907 4012 ut
921 3946 1032 4033 filium,
1043 3954 1077 4014 et
1091 3945 1223 4013 tandcm
1240 3963 1342 4012 cansa
1359 3963 1435 4027 sug·

310 4059 456 4137 gerente,
473 4053 631 4121 maternis
648 4054 923 4136 allocutionibus,
950 4075 992 4122 ne
1018 4055 1067 4124 sic
1088 4057 1212 4122 clarum
1229 4073 1364 4138 germen
1381 4051 1435 4118 de-

312 4159 456 4242 cideret,
482 4161 673 4230 informavit
698 4163 806 4247 ipsum
821 4181 862 4228 ao
879 4162 1001 4231 direxit
1016 4163 1191 4231 indefessis
1207 4161 1435 4229 sollicitudini-

311 4269 372 4334 bus
389 4277 420 4334 et
436 4269 553 4336 studiis
570 4270 761 4354 oportunis,
786 4271 976 4357 specialiter
1001 4291 1022 4336 a
1041 4281 1187 4358 tempore
1203 4269 1313 4338 felicis
1328 4287 1437 4335 recor·
1567 4309 1569 4360 t

310 4373 454 4442 dationis
471 4375 601 4444 Nicolai
620 4379 712 4463 Pape
728 4379 973 4462 predecessoris
992 4379 1106 4462 nostri,
1126 4386 1224 4464 prout
1240 4379 1343 4464 ipsius
1360 4395 1437 4461 pre·
1568 4441 1569 4472 ἶ

310 4483 498 4550 decessoris
514 4491 607 4551 actus
623 4485 785 4553 salutiferi
795 4494 1034 4572 representant.
1051 4489 1127 4570 Sed,
1144 4486 1333 4574 prohdolor,
1349 4486 1438 4550 siont
1568 4493 1569 4564 J

310 4591 452 4661 dirersis
478 4591 647 4678 scripturis
673 4601 706 4662 et
731 4593 907 4675 relatibus,
933 4614 973 4664 ac
999 4597 1086 4666 alias
1116 4595 1207 4664 fama
1233 4593 1437 4682 dlrulgante,
1568 4657 1569 4680 ,
