3002 5148
344 461 508 532 beneficia
522 481 583 530 nos
611 459 819 530 meminimus
837 470 871 530 et
898 461 1163 548 rewgnoscinus
1179 459 1459 530 necessitatium
1489 549 1490 562 ἵ

350 576 419 638 stre
434 572 468 642 iu
491 569 692 658 temporibus
715 567 902 656 recepisse,
929 569 975 638 ad
989 568 1166 638 utilitatem
1181 573 1217 636 ot
1240 569 1460 656 proprietates
1489 577 1490 584 ’

348 677 523 766 Propositi,
539 684 574 746 et
588 677 733 764 capituli
748 677 855 763 ipsius
871 677 1024 746 Ecclesie
1039 676 1305 764 Vesprimieusis
1323 673 1458 743 declus

350 787 547 860 doucuimus
563 793 597 855 et
621 787 817 854 contulimus
833 792 995 874 perpetuo
1011 793 1045 853 ct
1069 784 1208 874 pacifice
1228 784 1461 872 possidendam

350 897 448 964 sitam
463 895 590 962 mixtim
605 913 666 980 per
692 895 836 964 maximo
851 913 925 962 cum
940 895 1020 981 alijs
1037 895 1133 964 terris
1159 893 1320 979 ejusdem
1337 894 1462 961 Eccless

350 1005 384 1070 iu
401 1001 517 1070 eodem
532 1001 696 1070 territorio
722 1003 764 1070 de
792 1005 899 1070 Bereu
924 1001 1109 1074 constitutis
1134 1021 1218 1084 quas
1244 1001 1293 1068 ab
1319 1002 1401 1070 olim
1414 1001 1462 1087 ipa

269 1167 272 1178 .
351 1111 508 1181 Ecclesia
543 1111 799 1198 vesprimiensis
825 1112 938 1196 quieto
965 1110 1166 1196 dignoscitur
1188 1110 1362 1180 hacteuus
1376 1129 1462 1199 posse

351 1219 453 1306 disse,
469 1225 502 1288 et
517 1239 578 1306 per
594 1219 739 1286 nobilem
756 1219 861 1288 virum
872 1218 1033 1288 Comitem
1049 1217 1232 1288 Johauuem
1243 1219 1359 1286 filium
1375 1221 1460 1306 Sudor

351 1329 413 1396 sub
430 1327 618 1396 testimonio
635 1325 783 1413 ejusdem
799 1325 945 1416 Capituli
960 1325 1117 1396 cluensis
1134 1329 1366 1413 Propositum,
1380 1335 1410 1394 et
1422 1329 1460 1394 Cr·

352 1435 492 1522 pitulum
507 1435 658 1504 Ecclesic
667 1435 924 1520 Vesprimicusis
939 1434 1069 1522 prolate
1084 1435 1118 1502 in
1129 1435 1344 1519 corporalem
1360 1453 1461 1523 posses

352 1546 478 1614 aionem
494 1551 528 1610 et
543 1550 736 1630 perpetuam
750 1549 898 1612 tenutam
915 1545 1065 1630 ejusdcm
1076 1551 1160 1612 terro
1175 1543 1219 1610 de
1234 1543 1365 1628 Beren,
1381 1551 1460 1610 stou

353 1654 441 1720 nium
456 1651 635 1720 utilitatum
651 1659 685 1720 et
711 1653 989 1738 pertinenciarum
1012 1671 1166 1738 suarum,
1200 1653 1296 1719 uullo
1325 1653 1459 1720 conmo-

354 1771 444 1830 ctore
459 1766 656 1847 apparente,
669 1762 834 1847 Jussimus
849 1767 883 1828 et
899 1761 1037 1828 lecimus
1054 1761 1229 1828 introduci.
1253 1761 1366 1830 Sulua
1381 1773 1460 1828 lauru

355 1867 509 1936 libertate
534 1869 725 1952 vincarum,
757 1889 858 1957 super
883 1870 999 1937 eadem
1025 1877 1113 1938 terra
1139 1871 1365 1938 existcucium
1386 1891 1460 1938 rem·
1489 1869 1490 1876 ’

353 1987 463 2058 nocte,
480 1976 521 2044 dc
538 1978 657 2062 quibus
674 1977 799 2046 eisdem
816 1979 990 2067 Preposito
1007 1983 1041 2044 ct
1056 1977 1209 2064 Capitulo
1224 1979 1461 2066 vesprimiensi

355 2085 504 2152 Ecclesie
519 2085 633 2152 taliter
650 2086 802 2156 uolumus
818 2093 864 2166 ,et
880 2085 1108 2156 ordinavimus
1135 2087 1358 2173 responderi5
1383 2108 1462 2172 quem

355 2195 530 2262 admodum
545 2195 660 2280 populi
676 2195 719 2262 de
736 2195 851 2263 eodem
869 2195 1034 2263 coniectu
1049 2195 1276 2278 Simeghiensi
1284 2245 1295 2280 ,
1313 2197 1378 2284 alij
1393 2213 1462 2280 sapa

355 2303 452 2370 terris
468 2303 608 2372 aliorum
632 2303 751 2372 uineas
778 2305 991 2392 possidentes
1016 2303 1218 2390 respondere
1247 2311 1413 2373 terrarum
1426 2305 1462 2370 do
1489 2291 1490 2308 ³

355 2409 453 2478 minis
468 2409 511 2478 ab
528 2412 661 2495 antiquo
679 2419 838 2498 tempore,
856 2413 949 2499 cujus
971 2433 1034 2480 uou
1052 2419 1143 2480 extat
1158 2413 1338 2496 memoria,
1355 2431 1462 2480 consue

354 2525 481 2586 uerunt
505 2519 549 2586 Vt
564 2518 664 2606 igitur
689 2519 880 2606 hujusmodi
897 2521 1092 2588 donacionis
1112 2526 1147 2586 et
1161 2519 1366 2590 collaciouia
1382 2526 1461 2588 nostre

355 2629 459 2696 serios
474 2629 574 2696 robur
589 2629 742 2698 obtineat
757 2639 918 2716 perpetuo
935 2628 1113 2713 firmitatis,
1131 2647 1192 2696 uec
1208 2629 1327 2715 possit
1336 2645 1464 2716 procreet

356 2737 515 2822 temporis
530 2736 674 2823 irritari,
697 2743 868 2824 presentes
884 2739 1001 2806 literas
1016 2737 1159 2824 duplicis
1175 2737 1284 2822 sigilli
1302 2739 1407 2806 nostri
1421 2755 1464 2803 nu·

357 2847 480 2914 uimine
505 2845 579 2913 dari
604 2846 742 2916 lecimus
767 2847 951 2914 roboratas.
976 2849 1100 2914 Datum
1127 2865 1186 2932 per
1210 2866 1336 2914 manua
1360 2845 1489 2936 disurt'}

357 2953 419 3020 uiri
434 2953 585 3038 llagiatri
600 2955 751 3022 Ladislai
774 2955 939 3041 Prepositi
957 2957 1108 3024 Ecclesic
1131 2957 1315 3024 lisoiensis
1339 2957 1412 3025 aule
1432 2975 1467 3018 ne
1488 2939 1489 2949 ’

356 3067 424 3131 atre
440 3061 658 3149 (lancellariJ,
684 3064 796 3132 tidelis
811 3064 927 3132 nostri.
953 3066 1048 3132 Anno
1068 3063 1204 3132 Domini
1218 3064 1272 3130 ll·
1289 3063 1366 3136 OG·
1383 3071 1468 3130 cetur

358 3191 498 3256 gesimo.

401 3365 520 3442 (Ugyau
532 3355 768 3442 Robertinroly
780 3366 936 3442 kirtlynalr
951 3386 1025 3428 eren
1039 3367 1154 3424 1328&
1166 3367 1443 3440 priuilegimffl,
1487 3321 1488 3355 l
