3116 5166
586 293 737 410 ..ffi-

87 490 177 561 minc
193 489 394 579 gubernari,
421 511 463 558 ne
482 497 666 560 erecturam
683 492 859 562 humanam
875 495 972 579 paulo
988 491 1148 570 minorem
1167 518 1221 566 cn-

90 603 185 689 gelis,
203 620 266 686 que
283 603 335 670 sui
351 599 509 670 creatoris
530 601 721 687 ymaginem
739 609 773 670 et
789 601 1037 673 similitudinem
1052 624 1223 693 represen-

91 717 162 796 tat,
178 717 406 798 tempestuosa
422 707 634 776 fluctuatione
654 711 822 795 mixtaque
839 713 1096 799 contunderent,
1115 724 1148 788 et
1164 735 1223 783 sue

92 821 215 906 quietis
239 819 480 888 beatitudinem
506 817 725 904 impedirent:
744 821 922 903 quinimmo
939 830 975 889 ut
991 822 1143 893 omnibus
1160 827 1222 892 sub
1319 806 1326 819 ⁸

92 929 174 996 ieris
191 928 425 997 ethonestatis
441 928 559 1010 regola
582 926 742 1014 limitetis,
759 929 882 1016 singuli
898 931 967 998 vits
982 930 1122 1015 pacifica
1137 934 1225 1002 vive-

90 1044 176 1123 rent,
193 1047 227 1105 et
242 1037 285 1104 ab
310 1037 444 1106 offensis
466 1039 661 1104 ulterutram
687 1037 915 1124 abstinerent,
940 1059 1100 1124 suumque
1124 1042 1224 1108 lecto-

92 1167 165 1216 rem
180 1143 301 1212 effectu
318 1145 459 1213 naturali
477 1151 727 1230 cognoscerent,
744 1149 910 1231 cognitum
927 1147 1073 1216 colorent
1085 1153 1117 1216 ot
1133 1169 1231 1216 reve·-

89 1264 203 1323 renter
218 1255 341 1322 Divino
359 1253 495 1340 imperio
525 1252 746 1322 subiecerunt.
772 1253 910 1324 Demum
926 1275 1005 1324 uero
1021 1256 1108 1325 idem
1125 1264 1222 1344 peter

90 1363 276 1452 altissimus
294 1382 336 1430 ex
352 1365 420 1430 alto
437 1361 643 1450 prospiciens
659 1363 824 1450 populum,
840 1381 937 1450 quem
947 1371 1132 1445 curaverat,
1150 1385 1222 1450 pro·

90 1473 255 1558 thoplesti
282 1470 402 1539 delicto
419 1471 664 1558 dampnationis
690 1474 888 1540 sententium
914 1474 1112 1562 incurrisse,
1129 1495 1222 1544 sunm

94 1583 254 1650 dilectum
278 1581 482 1665 unigenitum
507 1579 763 1648 misericorditer
788 1581 823 1647 in
848 1583 1005 1648 mundum
1031 1603 1093 1670 pro
1119 1583 1224 1668 ipsius

90 1690 320 1775 redemptione
336 1688 449 1774 populi
467 1687 666 1774 destinavit,
693 1689 748 1772 qui
764 1707 899 1756 carnem
915 1697 1025 1758 nostre
1043 1691 1222 1758 mortalita·

90 1802 137 1868 tis
155 1799 289 1866 indutus
299 1847 310 1883 ,
335 1796 474 1866 eundem
501 1797 659 1882 populum
675 1797 719 1864 ab
737 1804 850 1866 eterno
867 1799 1013 1868 cruciatu
1029 1799 1144 1868 mortis
1160 1801 1225 1868 eri-

88 1915 200 1995 peret,
216 1914 251 1972 et
267 1907 474 1992 redemptum
490 1925 551 1974 suo
567 1907 715 1992 pretioso
731 1909 894 1992 sanguine
904 1907 1059 1976 salvaret.
1075 1909 1145 1976 Nos
1161 1909 1223 1994 igi·

88 2025 144 2083 tur
158 2017 194 2082 in
208 2016 274 2083 bac
289 2014 439 2084 terrestri
454 2017 575 2100 petria,
587 2017 939 2103 quatenuspossimus,
957 2025 1159 2102 exequentes
1179 2018 1224 2086 vi-

89 2145 148 2193 ces
164 2124 281 2210 ipsius,
296 2123 445 2192 levamus
456 2122 566 2205 vigilis
577 2143 667 2190 more
682 2125 829 2210 pastoris
844 2131 911 2194 tem
929 2143 1103 2211 corporeos
1120 2143 1221 2210 quam

90 2233 257 2301 mentales
281 2233 396 2300 oeulos
422 2232 456 2297 in
473 2231 621 2316 circuitu,
638 2232 750 2319 visuri,
769 2233 848 2318 quid
865 2234 958 2319 gregi
975 2234 1148 2304 commisso
1166 2255 1224 2302 no·

88 2345 145 2412 bis
170 2341 348 2428 expediet,
375 2339 501 2424 etquid
527 2341 638 2426 operis
655 2340 800 2427 impendi
816 2338 936 2408 debest
952 2341 1041 2408 circa
1055 2345 1172 2428 ipsum,
1191 2357 1226 2412 ut

87 2453 183 2520 illins
209 2452 282 2518 inlti
298 2448 462 2535 presidio,
492 2449 585 2516 cuius
611 2455 687 2517 sunt
702 2457 789 2518 terro
806 2449 969 2534 cardines,
986 2451 1038 2517 eui
1055 2451 1226 2535 cogitatio·

92 2581 159 2630 nes
176 2560 344 2628 hominum
361 2564 599 2644 preparantur,
625 2558 746 2642 quique
762 2559 894 2627 sortium
910 2575 1007 2625 arcus
1022 2565 1172 2644 superat,
1191 2565 1225 2626 et

88 2668 242 2735 infirmes
267 2666 387 2734 robore
411 2671 561 2750 potenter
587 2665 752 2751 accingit,
770 2665 874 2734 nostrl
891 2670 1005 2750 partes
1020 2665 1121 2733 efficii
1137 2665 1226 2734 selu-

87 2777 196 2844 briter
221 2782 256 2844 et
280 2775 406 2843 utiliter
422 2795 646 2862 exponamus3
663 2775 708 2841 ad
725 2793 765 2842 ee
782 2775 975 2861 presertim,
992 2791 1057 2858 que
1074 2772 1227 2843 fidelibus

86 2886 230 2975 populis
254 2885 465 2954 neccessario
491 2883 647 2970 expedire
674 2881 851 2951 viderimus
869 2890 902 2949 et
917 2884 1104 2952 noverimus
1118 2884 1227 2970 profu-
1310 2905 1313 2910 ·

87 3007 178 3064 tura.
197 2995 317 3062 Verum
333 2993 414 3060 licet
428 2992 592 3060 universis
609 2999 641 3058 et
657 2992 797 3078 singulis
807 2991 997 3078 regionibus
1008 2993 1081 3059 Deo
1092 2998 1127 3059 et
1141 2994 1227 3078 Apo-

88 3104 213 3173 stolioe
229 3103 307 3170 Scdi
322 3101 453 3170 devotis
479 3101 626 3169 levorem
642 3101 878 3186 Apostolienm,
897 3100 1050 3184 quotiens
1067 3098 1227 3166 neccessi-

90 3223 149 3282 tas
166 3211 301 3297 ingruit,
326 3208 515 3294 impendere
541 3215 720 3292 teneamur,
746 3225 871 3291 nosque
887 3209 932 3274 ad
948 3227 1006 3276 eas
1024 3212 1135 3274 nostre
1153 3224 1227 3272 eon·

89 3319 315 3390 siderecionis
332 3317 549 3385 diffundamus
566 3317 736 3403 intuitum;
759 3335 844 3384 nuno
859 3321 970 3382 tamcn
986 3315 1106 3382 nobilis
1121 3315 1229 3398 Regni

90 3427 248 3516 Ungerie
274 3426 492 3496 necessitates
517 3425 710 3512 Apostolioe
736 3425 815 3494 Sedi
841 3425 1029 3509 frequenter
1056 3424 1227 3512 expositas

90 3537 348 3626 precordialiter
363 3536 535 3620 intuemur,
552 3534 683 3602 auditos
700 3533 894 3614 recolimus,
922 3539 955 3602 et
969 3555 1034 3602 non
1061 3533 1133 3602 sine
1158 3551 1228 3602 cor-

90 3647 149 3714 dis
166 3643 387 3713 amaritudine
403 3644 516 3730 sepius
532 3645 800 3728 contemplamur.
817 3643 1041 3712 Gondolemus
1066 3642 1153 3710 enirn
1179 3648 1229 3706 tu·

89 3754 271 3825 multuosis
287 3752 430 3821 motibus
453 3757 488 3818 et
502 3749 669 3822 seditiosis
686 3751 876 3819 tumultibus
901 3750 1001 3836 illius,
1028 3749 1085 3832 qui
1099 3749 1152 3816 vel
1168 3767 1229 3834 per

87 3863 237 3933 dissidia
263 3861 481 3929 simulctatum
506 3860 697 3928 atterutrum
731 3857 915 3943 dissident,
951 3859 1004 3924 vel
1030 3875 1228 3943 congressus

89 3977 230 4040 mutuos
246 3976 280 4038 et
296 3969 386 4037 bella
399 3971 474 4058 plus
491 3985 589 4054 quam
605 3965 718 4034 ciuilia
742 3965 930 4033 immaniter
954 3964 1160 4032 colliduntur.
1179 3965 1229 4031 llx

87 4083 219 4168 quibus
244 4081 332 4148 inter
356 4079 436 4164 elle,
461 4077 548 4146 dono
573 4078 668 4163 pacis
692 4076 887 4144 mortalibus
904 4076 1032 4143 cunctis
1049 4073 1234 4143 accomodo

85 4191 211 4259 libello
229 4189 309 4258 dato
325 4186 466 4274 repudii,
483 4189 632 4273 graviter
646 4187 764 4254 solium
779 4185 905 4270 Regale
921 4178 1128 4271 deprimitur,
1145 4183 1230 4251 eius-

86 4321 161 4390 que
187 4299 349 4386 depresso
372 4298 531 4384 regimine
556 4317 622 4365 non
647 4297 753 4364 solum
779 4295 812 4362 in
838 4295 953 4378 Regno
968 4287 1233 4379 ipsevaste'ntur

82 4411 185 4478 bona
200 4407 360 4490 fidelium,
376 4407 436 4476 sed
452 4407 524 4475 iura
550 4405 777 4474 Ecclesiarum
794 4409 827 4470 et
843 4403 982 4471 aliorum
998 4401 1126 4488 piorum
1142 4402 1230 4466 loco·

81 4539 167 4590 rum
184 4519 220 4586 in
247 4516 464 4604 direptionem
490 4517 636 4600 veniunt,
663 4521 698 4583 et
714 4515 855 4584 libertas
871 4511 1101 4582 ecclesiastica
1115 4508 1231 4592 damp-

22 4715 28 4728 Ι
78 4627 257 4700 nabiliter
274 4627 500 4714 conculcatum
526 4627 709 4697 animarum
726 4641 856 4710 quoque
872 4623 1095 4691 subsecuntur
1114 4613 1231 4698 deplo-

967 4731 987 4796 8
999 4729 1018 4770 Ὀ
