3142 5170
826 397 985 500 -aco-

347 603 380 664 et
406 593 568 683 Georgius
584 595 700 664 Abbas
724 595 841 664 Sancti
857 593 1026 684 Stephani,
1044 616 1084 665 ac
1099 596 1240 667 Alterius
1256 597 1372 669 Abbes
1389 601 1462 670 San-

347 712 400 775 cte
414 704 518 774 Mario
533 706 575 773 de
590 706 692 790 Solle,
717 711 750 773 et
766 707 870 774 Stano
893 704 1062 793 Abatissa}
1078 707 1195 775 Sancti
1219 707 1411 794 Benedicti,
1435 716 1464 776 et

345 813 518 902 (lapellani
533 834 574 883 ao
590 815 762 883 universus
778 815 892 882 Clerus
909 813 1084 900 Ciuitatis,
1107 815 1287 885 sentientes
1313 836 1374 885 nos
1399 837 1465 885 orn·

347 944 407 992 nes
432 925 465 990 in
482 921 632 992 omnibus
649 923 770 992 nostris
796 921 919 990 iuribus
941 928 975 989 et
999 921 1077 1008 aliis
1103 924 1212 991 causis
1236 943 1335 1008 quarn
1367 927 1466 1012 pluri·

345 1031 407 1100 bus
422 1051 482 1116 per
496 1029 719 1100 uenerabilem
735 1037 861 1116 patrem
885 1029 1052 1100 dominum
1077 1030 1262 1100 Johannenn
1288 1032 1466 1118 predictum

346 1141 640 1226 Archiepiscopum
675 1146 821 1206 nostrum
856 1141 1072 1207 communiter
1106 1145 1139 1206 et
1164 1138 1354 1225 specialiter
1379 1161 1467 1226 agra·

345 1255 449 1334 natos,
466 1269 507 1316 cc
525 1249 631 1334 ipsum
647 1247 744 1333 pleno
770 1255 1007 1330 cognoscentes
1034 1247 1068 1312 in
1093 1246 1204 1312 multis
1231 1247 1343 1333 inepte
1371 1257 1405 1314 et
1424 1247 1467 1315 fn·

343 1357 432 1425 riose
457 1354 633 1444 procedere
658 1363 775 1423 contra
799 1355 905 1422 Deum
921 1361 955 1421 et
970 1361 1095 1422 statuta
1112 1363 1298 1423 sanctorum
1325 1361 1464 1442 patrum,

346 1465 488 1533 undosi
521 1469 667 1532 nostrum
691 1463 742 1530 ius
766 1469 882 1530 contre
907 1463 1012 1548 ipsum
1040 1469 1273 1547 prosequentes
1299 1471 1334 1530 et
1359 1464 1467 1530 defen·

347 1573 464 1641 dentes
498 1571 639 1640 ociando
666 1571 729 1640 sibi
764 1571 798 1638 in
824 1573 892 1640 suis
917 1571 1030 1659 prauis
1068 1579 1102 1636 et
1127 1570 1248 1656 ineptis
1275 1589 1313 1636 ae
1340 1571 1468 1656 injustis

348 1679 486 1748 somniis
512 1688 546 1748 et
570 1681 700 1748 actibus
728 1686 843 1746 contra
870 1699 931 1748 nos
958 1681 1139 1746 comuniter
1164 1681 1218 1746 ucl
1244 1679 1278 1744 ic
1295 1679 1471 1762 quemlibet

350 1789 542 1874 specialiter
566 1788 668 1854 uellet
692 1807 752 1874 per
779 1787 924 1869 aliquem
950 1785 1154 1854 sentenciam
1182 1789 1235 1854 uel
1261 1806 1321 1871 per
1337 1787 1468 1872 aliquod

349 1895 540 1962 mandatum
558 1895 677 1960 iniuste
693 1895 891 1977 procedere,
910 1895 1029 1962 Sedem
1044 1893 1268 1980 Apostolicam
1284 1895 1318 1960 in
1335 1897 1468 1980 scriptis

346 2005 516 2091 apelamus
535 2011 567 2069 et
583 2005 798 2090 apellatorias
814 2003 1302 2071 instanternnanimiterornnes
1329 2011 1365 2070 et
1382 2024 1461 2071 eorn-

351 2113 490 2178 uruniter
501 2113 652 2198 petimus.
672 2115 788 2178 Actum
804 2112 837 2178 in
849 2113 979 2196 palacio
996 2113 1118 2180 domini
1135 2111 1387 2197 Archiepiseopi
1404 2129 1467 2196 pre·

349 2227 443 2288 sente
459 2223 531 2304 ipso
549 2217 680 2286 domino
696 2219 955 2306 Archiepiscopo
983 2231 1015 2288 et
1031 2219 1151 2286 ibidem
1167 2225 1302 2286 astante
1319 2238 1362 2286 ac
1377 2219 1466 2306 opel-

349 2329 505 2396 letionem
524 2327 706 2414 predictam
723 2329 900 2412 diligenter
920 2329 1119 2412 occultante,
1136 2335 1169 2394 et
1185 2327 1397 2414 presentibus
1413 2347 1466 2392 no·

349 2437 471 2503 bilibus
487 2435 566 2502 uiris
583 2435 755 2504 (lamorcio
772 2437 869 2524 Petri,
881 2436 1022 2504 Martino
1040 2435 1193 2518 Simonis,
1208 2433 1392 2503 thomasio
1409 2435 1461 2501 llu-

349 2564 453 2628 sccze,
471 2543 602 2611 Gaudio
618 2543 759 2611 Calendi
776 2551 808 2611 et
824 2545 910 2611 aliis.

456 2654 526 2735 Ego
542 2651 694 2718 anenus
712 2653 802 2718 Dese
819 2653 1017 2718 examinaui.

455 2761 526 2845 Ego
543 2780 620 2827 roro
639 2757 777 2828 domnus
797 2761 907 2829 Lucas
921 2761 1107 2828 (laconicus
1124 2767 1157 2827 et
1174 2759 1299 2825 iuratus
1315 2756 1464 2826 Notarius

349 2867 559 2956 spalatensis
577 2867 641 2953 hijs
658 2868 812 2950 interlui,
831 2876 865 2935 et
880 2879 916 2934 ct
931 2870 963 2936 in
981 2869 1114 2954 scriptis
1131 2867 1280 2955 predicte
1296 2865 1464 2950 apellaeio-

352 2978 405 3044 nis
421 2975 532 3043 inueni
548 2985 582 3043 et
598 2976 727 3060 audiui,
747 2977 824 3063 legi,
842 2985 977 3062 rogatus
993 2979 1108 3063 scripsi
1126 2985 1158 3042 et
1174 2975 1338 3042 roboraui.

407 3168 447 3236 (Α
459 3167 540 3226 bdcsi
553 3187 593 3226 cs.
606 3169 634 3228 lc.
649 3169 737 3227 titkor
751 3167 934 3229 lcvdlttrban
951 3174 1045 3230 ὅτιὸτι
1056 3171 1160 3228 hiteles
1174 3165 1304 3226 misclat
1316 3165 1385 3224 utdn
1400 3165 1412 3237 )
