3002 5148
842 277 907 344 154

791 375 950 392 μ’..

310 479 342 547 in
368 477 491 550 eisdem
515 475 658 564 negotiis
682 495 722 546 eo
738 477 846 564 possis
862 475 1052 564 prosperari
1068 475 1218 563 iaciiiua,
1235 493 1303 560 qno
1318 475 1434 542 maiori

310 609 369 676 per
393 607 452 656 nos
477 587 579 656 tueris
603 588 801 654 auctoritate
826 587 991 670 munitus,
1017 585 1215 656 fraternitati
1241 593 1300 654 tue
1316 603 1432 654 couce-

305 696 407 766 deudi
432 696 668 764 tabellionatus
688 695 831 764 officium
848 697 942 764 iuxta
955 697 1103 782 formam,
1120 715 1215 780 quarn
1232 695 1266 762 in
1281 695 1349 760 hoc
1366 698 1429 762 Ro-

308 823 407 872 mana
422 813 535 872 servat
550 803 721 884 liooleaia,
749 804 855 872 tribus
872 805 925 870 vel
940 810 1079 886 quatuor
1094 806 1262 890 personis,
1289 821 1378 886 quas
1393 801 1431 868 ad

306 912 387 982 illud
403 921 477 998 post
493 911 687 997 diligentem
703 913 984 980 examinationem
999 913 1151 1000 ydoneas
1168 931 1243 980 esse
1253 913 1431 998 repereris,

305 1023 439 1108 plenam
463 1017 658 1090 auctoritate
683 1021 889 1106 presencium
915 1021 1124 1090 concedimus
1142 1020 1353 1088 facultatem.
1370 1017 1431 1082 Da·

304 1136 373 1198 tum
390 1128 531 1198 viterbii
547 1127 607 1198 xl.
624 1127 798 1196 Kalendas
814 1127 976 1210 Octobris,
993 1127 1206 1198 Pontificatus
1222 1127 1332 1196 nostri
1343 1146 1427 1194 anno

303 1257 414 1322 pnrno.

403 1431 464 1503 (111.
477 1432 584 1492 Miklds
596 1431 674 1506 pipo
687 1431 889 1506 Regestdibdl,
902 1431 1031 1492 Theiuer
1044 1433 1082 1489 id.
1095 1451 1131 1488 m.
1145 1432 1169 1488 l.
1179 1433 1208 1488 k.
1222 1432 1287 1490 334„
1302 1431 1335 1504 l.)

745 1705 1001 1718 *nau-u·—

840 2153 897 2219 88.

304 2350 364 2436 31)
380 2349 411 2416 A
422 2353 514 2437 μόρα
529 2349 664 2438 Faltpot
679 2373 717 2414 aa
732 2349 863 2436 appioni
877 2350 1236 2440 azabdlyialonadpokra
1252 2354 1361 2436 nim,
1371 2351 1430 2438 sel

584 2459 712 2524 mantici
725 2456 930 2524 aacalommol
939 2457 1146 2546 felrnlciero.

411 2653 569 2722 Nicolaus
596 2652 782 2740 Episcopus
810 2673 925 2722 seruus
954 2675 1122 2724 sernomm
1147 2655 1229 2739 Dei,
1246 2659 1431 2725 venerabili

302 2761 398 2830 fratri
422 2761 576 2849 Philippo
601 2761 765 2848 Episcopo
791 2763 946 2832 Firmano
973 2763 1164 2850 Apostolice
1190 2762 1291 2832 Sedis
1308 2766 1432 2853 Legato

305 2871 444 2938 salutem
471 2877 503 2935 et
519 2869 745 2956 Apostolicam
771 2867 1046 2940 benedictionem.
1065 2872 1146 2939 Cum
1162 2879 1193 2937 te
1211 2872 1254 2938 ad
1273 2872 1434 2958 ngarie,

304 2977 450 3059 Polonie,
467 2976 640 3063 Dalmatis,
659 2977 805 3064 Oroatia,
820 2981 934 3058 Ramc,
951 2981 1076 3064 Servie,
1089 2979 1298 3067 Lodomerie,
1310 2983 1433 3050 Galitie

306 3095 339 3154 et
356 3086 513 3154 Cumania
529 3091 653 3171 partes,
671 3086 731 3152 tibi
748 3087 921 3154 commisso
934 3088 1013 3153 inibi
1025 3089 1124 3172 plone
1135 3087 1313 3174 legationis
1328 3091 1435 3158 oiticio

304 3215 364 3282 pro
381 3193 494 3262 arduis
511 3191 654 3279 negotiis
671 3195 891 3282 destinemua;
909 3217 969 3264 uos
986 3199 1144 3278 volentes,
1160 3203 1196 3264 ut
1206 3196 1435 3283 spiritualium

305 3303 479 3387 largitione
504 3303 632 3372 incolas
656 3303 785 3370 illarum
802 3303 947 3389 partium
964 3303 1083 3374 reddas
1099 3306 1171 3374 Deo
1196 3313 1229 3372 et
1244 3307 1329 3374 Sedi
1349 3311 1437 3395 Apo·

306 3412 421 3480 stolice
447 3413 523 3496 plus
549 3412 694 3494 devotos,
723 3410 923 3481 fraternitati
941 3419 996 3479 tue
1013 3413 1231 3498 dispensandi
1246 3435 1308 3500 per
1328 3423 1366 3486 to
1382 3418 1434 3484 rel

306 3519 406 3586 alium
431 3527 490 3588 aut
514 3521 599 3587 alios
628 3539 699 3586 cum
726 3520 938 3587 ecclesiarum
955 3521 1094 3590 Prclatis
1111 3531 1145 3589 et
1159 3523 1313 3608 personia
1332 3528 1438 3593 eccle·

306 3625 446 3696 simtiois
471 3633 526 3694 tue
553 3627 732 3712 legationis
758 3645 858 3714 super
875 3627 1125 3712 irregularitate,
1143 3647 1240 3712 quam
1256 3639 1439 3700 contraxe-

305 3742 397 3820 runt,
423 3734 477 3804 vel
493 3733 716 3802 contraxerint
731 3733 918 3800 huiusmodi
945 3735 1112 3818 legatione
1127 3735 1277 3819 durante,
1293 3737 1439 3808 serendo

197 3900 200 3913 .
304 3845 339 3911 in
355 3843 440 3912 alios
451 3849 563 3909 eontra
583 3841 848 3910 constitutionem
865 3840 1046 3909 iunocentii
1060 3843 1152 3928 Pape
1177 3842 1436 3928 predecessoris

304 3950 407 4019 nostri
431 3969 529 4035 super
547 3947 610 4018 hoc
633 3949 754 4016 editam
771 3951 1115 4018 excommunicationis
1141 3953 1347 4020 seutentiam
1368 3958 1440 4024 aine

305 4055 436 4145 seriptis
452 4066 486 4123 ct
510 4076 576 4126 nou
591 4058 786 4128 abstinendo
812 4077 833 4121 a
849 4057 980 4126 Divinis
999 4061 1092 4128 iuxta
1106 4065 1251 4128 tenorem
1271 4066 1443 4132 constitu·

305 4167 533 4253 tionisipsius,
558 4168 695 4236 liberam
712 4167 921 4236 concedimus
946 4169 1145 4238 auctoritate
1160 4171 1374 4256 presentium
1396 4175 1443 4242 ia

305 4280 473 4346 cultatem.
490 4279 612 4345 Datum
628 4275 820 4344 ViterlniiX.
842 4275 1015 4346 Kalendas
1026 4275 1188 4362 Octobris,
1211 4279 1443 4352 Pontificatua

305 4388 409 4456 nostri
419 4405 506 4456 anno
521 4385 639 4474 primo.

405 4579 465 4654 (lll,
479 4581 587 4638 Milalda
600 4576 679 4650 pdpa
690 4577 892 4652 Regeatdibdl,
906 4580 1033 4638 Theiner
1047 4579 1084 4636 id.
1099 4600 1135 4640 m.
1147 4584 1166 4638 l.
1178 4581 1206 4637 k.
1220 4584 1284 4640 334.
1298 4586 1337 4662 l.)

734 4745 890 4764 w—-w
905 4749 998 4765 -·-·n
