3142 5164
119 1145 182 1229 36)
209 1143 239 1210 A
259 1148 352 1232 pdpa
375 1143 511 1232 unimur
536 1165 574 1208 aa
588 1143 950 1230 agglomerandam
965 1149 1056 1210 nicee
1071 1143 1250 1212 ruadanus·

479 1249 685 1318 lardommat
694 1248 897 1335 felrabdzac.

232 1451 390 1522 Nicotaus
417 1447 601 1536 Episcopus
628 1466 742 1516 seruus
768 1466 935 1516 seruorum
960 1449 1043 1536 Dei,
1069 1452 1250 1520 venerabili

119 1559 218 1628 tratri
243 1557 395 1644 Philippo
420 1556 586 1642 Episcopo
609 1556 766 1627 Firmano
791 1557 985 1640 Apostolice
1009 1556 1107 1626 Sedis
1124 1558 1248 1645 legato

120 1667 264 1736 salutem
289 1673 323 1734 et
346 1667 573 1752 rposmttosm
598 1663 870 1732 benedictionem.
888 1665 1017 1734 (inmte
1034 1667 1076 1734 ad
1095 1663 1252 1754 Ungarie,

118 1777 271 1854 Potonie,
289 1775 468 1859 Dalmatio,
480 1775 623 1854 Oroatia,
639 1777 755 1860 Rome,
772 1774 1251 1864 Servte,bodomerte,ua1ttie

101 1892 153 1950 ct
171 1883 333 1952 Cumanie
360 1891 473 1970 partes
489 1883 550 1950 tibi
567 1883 743 1953 commisso
759 1883 841 1950 inibi
857 1883 957 1968 plene
985 1885 1166 1971 legationis
1182 1885 1252 1952 oili-

120 1993 174 2060 oio
192 2013 251 2077 pre
268 1992 382 2060 arduis
398 1993 541 2078 negotiis
558 1992 772 2076 destinemus,
790 1991 823 2058 in
850 1991 1024 2060 desideriis
1051 1995 1171 2062 nostris
1196 2015 1252 2079 ge·

118 2103 214 2185 ritnr,
232 2107 269 2167 ut
284 2099 445 2171 submotis
461 2099 706 2188 impedimentis
722 2099 924 2182 quibuslibet
949 2101 1136 2170 huiusmodi
1151 2122 1249 2185 nego-

118 2210 167 2276 tia
185 2227 382 2295 prosperum
409 2216 654 2292 consequantur
679 2207 841 2276 effectum.
860 2208 969 2287 Quare
987 2209 1179 2293 iniungendi
1195 2211 1250 2276 di-

117 2317 218 2384 lectis
235 2315 311 2382 filiis
326 2316 485 2386 tratribus
501 2316 770 2402 Predieatornnr,
796 2316 982 2399 Minorum,
1010 2320 1250 2403 Cisterciensis,

117 2425 373 2506 cluniacensia,
399 2425 737 2506 Premonetratensis,
763 2425 888 2492 Sancte
914 2426 1016 2492 Marte
1033 2428 1250 2494 'theutonico-

117 2553 202 2617 rnm,
221 2533 338 2602 Sancti
351 2533 542 2616 Benedicti,
561 2533 743 2618 Hospitalis
771 2533 885 2600 Sancti
902 2533 1063 2600 Jobannis
1079 2535 1250 2602 lerosolo-

116 2642 240 2708 mitaui
256 2649 290 2708 et
305 2641 445 2709 aliorum
463 2639 617 2708 Ordinum
635 2641 723 2708 insra
739 2648 794 2708 tue
811 2641 987 2723 legationis
1003 2643 1160 2710 terminos
1171 2663 1249 2710 con·

117 2750 267 2822 utitatis,
285 2769 491 2834 quecumque
517 2749 742 2835 prosecutioni
767 2749 866 2818 officii
882 2751 934 2818 vel
951 2750 1086 2816 utilitati
1103 2752 1248 2834 negotio·

117 2877 192 2925 rum
221 2857 282 2924 tibi
307 2861 554 2926 commissorum
578 2858 704 2926 uideris
730 2859 898 2944 expedire,
917 2857 1173 2926 contradictores
1188 2879 1270 2948 per

118 2985 301 3034 censuram
314 2965 578 3036 eeclesiasticam
588 2967 812 3054 appellatione
824 2968 1008 3053 postposita
1018 2967 1251 3054 compescendi

116 3095 187 3143 non
207 3074 418 3143 obstantibus
434 3075 601 3160 aliquibus
618 3075 833 3160 indulgentiis
856 3079 915 3160 eis,
934 3077 1053 3160 quibus
1069 3077 1132 3145 bec
1148 3075 1251 3142 iniun-

115 3183 237 3266 genda
263 3181 398 3250 duxeris
423 3183 629 3268 specialiter,
656 3189 714 3252 aut
729 3184 879 3268 personis
896 3184 1083 3252 eorumdem
1099 3185 1249 3252 ordinum

112 3291 325 3377 generaliter
341 3291 384 3360 ab
400 3291 591 3379 Apostolica
607 3291 696 3362 Sede
710 3293 773 3360 snb
790 3311 996 3377 quacumque
1011 3293 1118 3361 forma
1133 3293 1248 3361 verbo·

114 3421 190 3468 rum
219 3399 408 3485 concessis,
424 3419 483 3487 per
499 3419 582 3484 quas
599 3419 697 3486 snper
714 3401 777 3470 boo
793 3403 826 3468 in
842 3402 933 3470 nullo
951 3421 987 3470 se
1002 3402 1087 3468 tueri
1102 3401 1250 3488 valeant,

113 3516 149 3576 et
176 3507 222 3575 de
247 3508 368 3591 quibua
393 3515 561 3594 oporteret
585 3509 620 3578 in
646 3511 768 3578 nostris
784 3508 903 3578 litteris
920 3509 1054 3594 plenam
1070 3517 1104 3576 et
1119 3527 1251 3594 expres·

113 3635 193 3686 sam
209 3614 282 3684 ficri
298 3616 516 3702 mentionem,
534 3617 734 3686 fraternitati
750 3623 805 3686 tue
822 3619 953 3703 plenam
972 3627 1005 3686 et
1021 3619 1160 3686 liberam
1176 3637 1250 3685 con-

114 3726 271 3795 cedimus
295 3727 498 3796 aucton'tate
522 3726 725 3812 presentium
750 3727 955 3796 facultatem.
971 3727 1094 3795 Datum
1111 3727 1252 3797 Viterbii

112 3835 158 3901 K
178 3831 354 3904 Kalendas
369 3831 535 3904 Octobris.
551 3833 765 3904 Pontificatus
778 3837 884 3904 nostri
900 3855 988 3904 anno
1005 3838 1121 3921 primo.

220 4027 287 4103 (ΙΙΙ,
301 4029 408 4087 Milrlbs
422 4029 499 4102 pdpa
512 4030 712 4104 Regostelibbl,
725 4031 853 4089 Thelser
867 4032 904 4087 id.
919 4051 955 4086 m.
969 4033 990 4088 l.
1004 4032 1033 4088 lr.
1045 4031 1107 4088 335.
1120 4031 1152 4104 l.)
