3142 5170
581 385 722 490 Q

93 579 290 664 Serecenos,
300 582 482 668 Neugerios
492 601 532 649 uc
545 582 850 668 pegsuos,eeeiios
861 579 1063 650 adherentes
1074 577 1211 664 eisdem,

93 688 146 758 vel
163 707 220 757 eos
236 689 271 756 in
287 689 351 758 biis
367 687 613 774 quomodolibet
629 691 850 776 confoventes,
862 691 1088 774 cuiuscumque
1104 693 1212 759 stetur

93 801 151 862 eut
165 799 366 869 conditionis
382 801 558 885 extiterint,
580 821 640 890 per
654 823 692 872 se
708 803 761 870 vel
776 821 835 892 per
852 800 954 870 elium
971 819 1030 868 seu
1045 799 1131 868 aiios
1147 803 1214 869 stu·

94 903 172 973 dest
188 909 331 978 sollicite
347 928 533 996 proponere
549 911 684 979 verbum
700 910 824 995 erucis,
850 917 883 978 et
902 913 1017 979 contre
1032 913 1065 974 te
1079 907 1213 994 speeie-

92 1013 176 1098 1iter,
193 1015 256 1084 nisi
273 1016 457 1102 predictam
474 1019 634 1101 Reginum
650 1018 887 1106 resumpseris,
905 1024 938 1084 et
953 1035 1038 1096 eem,
1055 1021 1091 1084 ut
1105 1013 1213 1102 predi-

95 1123 180 1188 citur
188 1173 197 1208 ,
214 1129 283 1192 tute
298 1129 505 1212 tractaveris,
522 1135 677 1198 exercent
690 1146 861 1197 censuram
882 1125 1142 1198 ecclesiasticen
1158 1144 1214 1194 su·

96 1231 252 1299 ctoritate
277 1241 393 1302 nostre
417 1235 568 1302 munitus.
595 1235 636 1302 bt
660 1234 889 1304 nichilominus
916 1234 1033 1303 ceteris
1058 1233 1213 1319 Regibus,

94 1339 256 1426 Ducibus,
272 1342 453 1412 comitibus
469 1351 502 1412 et
517 1344 711 1430 Beronibus,
733 1364 773 1411 sc
789 1345 912 1429 populo
928 1341 1059 1412 iliorum
1074 1343 1214 1430 portium

95 1447 290 1528 scribimus,
316 1456 351 1516 ut
375 1471 474 1537 super
499 1450 561 1520 biis
577 1450 835 1539 brebiepiseopo
852 1448 1216 1535 morimundensem

91 1555 306 1638 cessabimus,
323 1568 617 1646 quantumcumque
642 1562 763 1647 invite,
788 1563 816 1628 si
840 1561 1031 1650 oportuerit,
1047 1560 1135 1646 quod
1151 1577 1214 1626 uon

91 1662 253 1732 credimus
263 1715 272 1750 ,
298 1665 343 1734 sd
368 1676 456 1737 tuem
472 1671 704 1738 correctionem
722 1679 831 1757 partes
848 1669 1038 1758 Apostolice
1053 1667 1211 1739 sollieitu-

24 1861 27 1868 ῃ
92 1772 191 1857 dinis,
207 1777 292 1841 sicut
303 1779 464 1862 expediet,
477 1776 642 1850 adbibere.
653 1780 716 1848 Per
725 1777 787 1846 boe
804 1785 924 1864 autem,
940 1777 1029 1861 quod
1044 1783 1078 1845 te
1089 1776 1123 1842 in
1139 1794 1213 1863 pre-

91 1882 180 1948 senti
195 1881 308 1952 littera
323 1905 396 1954 cum
412 1889 509 1954 solite
526 1885 760 1956 benedictionis
779 1885 909 1971 eloquio
927 1883 1120 1968 salutemus,
1138 1883 1216 1968 quie

93 1989 241 2058 nondum
267 1993 309 2059 de
335 1992 521 2061 huiusmodi
546 1995 609 2060 tuis
635 1994 763 2062 actibus
784 2000 876 2079 petet
892 1993 986 2060 uobis
1002 1991 1127 2060 veritos
1143 2009 1216 2058 ner-

91 2103 249 2184 retornm,
268 2107 392 2168 scutum
408 2103 546 2170 alicuius
561 2101 757 2172 confidentie
781 2123 846 2170 non
863 2120 1023 2183 assumes,
1042 2099 1216 2186 quominus

93 2206 237 2276 bominis
253 2215 286 2273 et
311 2210 447 2278 cononis
462 2213 644 2293 sententiis,
660 2215 690 2280 si
706 2229 764 2280 ens
780 2211 891 2278 torssu
907 2211 1098 2296 incurreris,
1116 2210 1163 2278 sis
1178 2209 1216 2276 li·

92 2321 202 2398 gatus.
229 2315 350 2438 lictum
375 2318 478 2384 Reute
505 2319 557 2387 VI.
583 2319 662 2388 Idus
687 2319 838 2406 Augusti,
856 2315 1082 2404 (Pontificense
1098 2317 1216 2404 nostri)

94 2443 185 2492 enno
205 2444 321 2510 primo.

129 2617 194 2690 (IV.
208 2619 315 2676 Miklds
328 2618 403 2692 pdps
418 2620 612 2696 Regestdibdi
627 2622 754 2681 Tbeincr
767 2624 954 2680 Monumeute
968 2620 988 2676 1.
1001 2620 1061 2678 ket.
1074 2619 1136 2678 tet.
1149 2619 1181 2693 l.)

530 2920 534 2924 ·
589 2911 796 2928 -.-.-....-⁴

616 3455 699 3520 205.

97 3653 118 3716 I
122 3651 162 3718 V.
177 3649 300 3716 Miletos
310 3654 400 3738 pcipe
415 3671 601 3740 nyyuoozorr
625 3649 779 3739 tdrpyboe
803 3671 842 3712 az
866 3647 1046 3734 eestoepoms'
1069 3642 1219 3726 octbr,

98 3781 119 3824 o
146 3758 304 3825 remorto
318 3759 469 3848 orezdpole
478 3757 726 3847 fejeclelmeibsz,
743 3782 758 3823 s
776 3757 1025 3845 Mopyarorezdp
1040 3756 1071 3820 ts
1085 3775 1106 3817 a
1121 3773 1219 3818 mem-

271 3868 342 3933 rzed
357 3868 489 3934 mettre
497 3866 711 3955 jdpopJ‘at'boe
726 3869 757 3932 ee
773 3863 931 3953 repetitos.
953 3864 1049 3928 1268.

203 4067 361 4135 Nicoleus
394 4065 580 4152 Episcopus
616 4085 731 4135 seruus
756 4083 921 4134 seruorum
949 4060 1014 4129 Dei
1039 4055 1220 4128 venerabili

95 4175 214 4242 fratri.
233 4225 241 4242 .
258 4224 267 4242 .
284 4174 541 4261 Arebiepiscopo
558 4174 777 4258 Strigouiensi
793 4171 934 4239 sulutem
950 4176 984 4236 et
994 4166 1221 4254 Apostoliceu

95 4283 374 4353 benedictionem·
403 4284 438 4352 si
465 4301 583 4369 spensa
597 4282 726 4353 semine
741 4281 782 4349 de
798 4279 922 4366 gremio
938 4277 1055 4348 Matris
1071 4275 1221 4344 Ecclesie

96 4391 264 4461 seminate
289 4393 479 4462 carissimus
504 4391 536 4458 in
563 4388 795 4458 christonius
811 4392 922 4456 noster
938 4385 975 4454 L.
991 4385 1062 4454 Rex
1077 4383 1222 4470 Ungerie

96 4501 244 4570 [ilustris
261 4501 442 4587 colligeret,
458 4499 580 4568 Diviue
597 4499 704 4585 gretie
714 4495 965 4583 participatione
975 4494 1120 4578 sentiret,
1135 4490 1221 4576 quod

98 4609 176 4696 ipse
186 4610 339 4678 Ecclesia
348 4609 596 4698 progenitorum
612 4627 743 4678 suorum
752 4606 869 4676 merite
885 4605 977 4673 clere
991 4619 1220 4683 rememorans,

97 4737 175 4788 eum
193 4719 344 4788 baiulare
362 4740 401 4786 ec
417 4720 543 4788 laetere
559 4719 648 4805 cepit
662 4722 698 4786 ut
712 4715 822 4802 fliium,
833 4721 867 4782 et
880 4711 1013 4782 taudem
1029 4729 1130 4780 muse
1145 4727 1221 4792 sog·

154 4841 548 4888 connumeremur—nuru
562 4842 582 4899 e,
967 4819 1010 4888 21
