3154 5166
342 1145 402 1212 IV.
419 1144 532 1212 Mszlc
545 1142 651 1232 sinay
663 1165 823 1232 parcucsa
838 1167 858 1208 a
869 1142 1133 1230 sztkcsfchc'rvdri
1147 1141 1370 1229 kdptutnruhcz,
1386 1142 1459 1228 tracy

344 1254 472 1340 Kcydrc'
487 1253 601 1318 Dtncst
618 1255 649 1317 cs
673 1251 808 1316 Baccara
832 1251 1062 1339 ttirvtruykcztau'
1079 1252 1262 1337 purciadcl
1286 1250 1459 1338 tdrqycibcn

737 1361 870 1426 cucata.
888 1337 938 1426 riv
953 1361 1074 1428 cucur.

448 1555 624 1628 Ladlslaus
640 1558 702 1626 Dei
727 1559 842 1645 gracia
858 1561 927 1627 Rex
943 1557 1112 1644 Huugaric
1136 1559 1287 1628 fidelibus
1313 1558 1386 1626 suis
1402 1559 1456 1626 Ca-

339 1667 443 1756 pitulc
459 1665 595 1736 Albensi
611 1668 750 1736 salutem
768 1675 800 1734 ct
816 1667 974 1752 graciam.
999 1668 1168 1737 Fidelitati
1194 1677 1302 1738 vestre
1319 1665 1458 1736 mauris-

341 1797 412 1846 mus
437 1776 665 1864 precipiendo,
692 1783 853 1862 quatenus
879 1776 1015 1843 mittatis
1041 1776 1206 1846 huminem
1233 1785 1379 1847 vestrum
1395 1777 1458 1842 idc-

341 1908 446 1974 ncum,
464 1888 521 1972 qui
535 1887 675 1957 accedat
689 1887 733 1956 ad
745 1885 871 1954 Dencru
887 1894 920 1954 ct
934 1887 1093 1974 Ballascy
1109 1885 1150 1954 rie
1166 1889 1298 1974 Kayar,
1318 1893 1351 1952 et
1369 1887 1458 1953 dicat

339 1997 464 2065 eisdem
479 1998 580 2066 verbo
596 2003 727 2078 nostro,
753 1995 843 2080 quod
858 1995 889 2061 in
906 1996 1036 2082 duello,
1063 1995 1150 2080 quod
1168 2003 1281 2063 contra
1298 1995 1459 2063 Abbatcm

338 2105 379 2172 de
395 2105 547 2173 Ecclesia
561 2107 640 2175 Bcsi
659 2112 691 2172 in
717 2105 892 2191 quindenis
908 2105 1103 2173 Natiuitatis
1120 2106 1224 2173 Bcats
1241 2105 1392 2192 Virginis
1410 2123 1458 2170 cc-

338 2235 408 2282 ram
418 2214 535 2283 Judicc
546 2215 642 2285 (iuria
652 2219 762 2281 nostre
778 2213 920 2301 cxpcriri
932 2214 1085 2299 debeant,
1096 2213 1211 2282 codam
1222 2219 1308 2280 statu
1319 2219 1350 2278 ct
1361 2213 1457 2279 rnudc

338 2344 447 2392 coram
464 2325 558 2392 nobis
575 2325 720 2392 debeant
736 2323 911 2406 dimicare,
929 2329 962 2388 ct
978 2321 1131 2406 quidquid
1147 2323 1248 2392 iidem
1265 2321 1395 2388 dcmnm
1411 2339 1457 2388 rc-

337 2433 536 2520 sponderint,
553 2431 647 2496 nobis
663 2429 803 2498 fideliter
819 2429 1020 2498 rescribatis.
1038 2429 1158 2496 Datum
1175 2431 1208 2496 in
1225 2427 1336 2497 Insula
1353 2429 1459 2494 Beatc

338 2541 482 2626 Virginis
500 2542 532 2607 in
551 2539 665 2624 vigitia
680 2537 876 2606 Natiuitatis
892 2537 993 2605 Beate
1010 2535 1164 2619 Virginis.

566 2733 605 2806 (Α
617 2732 758 2806 kiptalan
767 2731 959 2804 jslcntcissbtti
974 2733 1045 2788 mint
1057 2732 1119 2790 246.
1132 2750 1171 2788 ss.
1187 2731 1227 2803 a.)
