3154 5166
863 303 973 406 Q

350 507 464 588 speoto
480 500 633 571 altissimi
650 501 826 587 gratiosus,
853 507 972 588 tueque
999 502 1088 573 fama
1112 507 1300 594 prooonium
1320 505 1352 572 in
1370 525 1473 594 popu·
1558 581 1559 604 χ

347 613 389 678 lis
413 613 558 698 gentium
584 610 746 698 suspiciat
770 612 1019 680 inerementum.
1054 614 1270 686 Intendantes
1297 617 1397 702 igitur
1423 616 1472 684 ad

349 726 439 788 tunm
456 727 488 786 et
504 721 607 806 Regni
624 723 670 788 tui
697 725 819 790 statum
846 719 1020 808 panitiouru
1036 727 1070 788 et
1094 723 1311 808 tranquillum,
1332 729 1364 791 et
1381 725 1475 808 aupi-
1558 719 1559 792 r

350 838 455 919 entes,
473 837 508 898 nt
524 833 557 897 in
573 831 690 916 Regno
706 833 778 917 ipso
794 829 876 898 fidos
894 829 1064 898 Ostbolioa
1079 833 1200 918 vigeat,
1218 838 1347 901 cresunt
1363 833 1471 900 davo·
1558 833 1559 912 l

349 943 405 1026 tio,
432 949 465 1007 et
488 942 646 1008 bonorum
663 958 797 1026 operum
823 938 1016 1006 exeruitium
1041 949 1221 1027 augeatur,
1250 942 1473 1010 venerabilem
1558 1017 1559 1024 ἵ

351 1049 483 1116 tratrem
509 1055 679 1135 nostrum,
704 1049 741 1114 B.
769 1048 967 1134 Episcopum
994 1047 1221 1133 llngubinnm,
1237 1049 1341 1117 virum
1358 1051 1473 1134 ntique

350 1159 522 1226 virtutibus
538 1156 740 1243 insignitum,
754 1177 793 1224 ao
810 1156 906 1224 nobis
917 1163 950 1222 et
961 1155 1118 1223 fratribus
1129 1157 1251 1225 nostris
1267 1158 1391 1226 maritis
1408 1177 1474 1226 sno

349 1267 525 1354 probitatis
542 1271 723 1353 arreptum,
742 1267 878 1332 latorem
895 1265 1114 1349 presentium,
1132 1266 1175 1332 ad
1192 1264 1343 1353 Regnum
1360 1269 1472 1350 ipsum
1558 1331 1559 1378 1

350 1385 382 1445 et
399 1379 497 1445 otiam
514 1385 627 1461 partes
642 1376 728 1443 alias
744 1374 793 1441 illi
810 1375 937 1442 rioinas
954 1394 1027 1441 oum
1043 1374 1140 1460 plene
1166 1375 1343 1461 legationis
1360 1376 1472 1448 offiaio

350 1485 391 1552 de
416 1487 551 1553 fratrum
578 1491 762 1553 nostrorum
800 1501 963 1552 consensu
996 1483 1197 1569 providimus
1230 1485 1472 1572 destinandum,
1558 1503 1559 1550 3

351 1594 584 1664 Oelsitudinem
612 1593 748 1678 Regiam
775 1600 930 1679 rogantes
946 1595 1103 1662 attentius
1130 1599 1161 1660 ot
1177 1593 1364 1674 hortantes,
1393 1613 1472 1677 qna·

350 1711 443 1769 tenus
468 1722 527 1788 pro
553 1701 676 1769 Divina
701 1701 953 1786 etApostolioe
969 1700 1066 1769 Sedis
1083 1719 1123 1765 ao
1149 1709 1263 1769 nostra
1287 1705 1472 1768 reverentia
1558 1729 1559 1752 2

349 1813 508 1898 Legatum
533 1811 638 1896 ipsurn
655 1809 799 1890 benigna
815 1808 979 1894 recipiens
997 1818 1031 1877 et
1048 1809 1229 1878 affeetuose
1247 1817 1469 1894 pertractans,

349 1923 418 1989 sius
443 1919 631 1987 salubribus
657 1916 795 1985 studeas
821 1917 985 1984 adherere
1012 1918 1158 1985 consiliis
1179 1925 1212 1985 et
1238 1919 1472 1988 monitionibus
1558 1939 1559 1950 ¹

345 2031 490 2114 obedire,
509 2049 548 2095 ao
563 2047 603 2095 ea
619 2036 787 2112 tamqnam
800 2027 939 2095 devotus
952 2027 1037 2094 lilius
1049 2028 1271 2112 amplectaris,
1286 2037 1321 2094 ut
1335 2027 1471 2096 favente

346 2139 414 2215 illo,
433 2161 454 2206 a
471 2158 534 2225 quo
561 2143 680 2205 cuncta
696 2137 784 2204 bona
800 2137 1000 2221 procedunt,
1028 2143 1121 2203 statu
1137 2137 1246 2204 votivo
1264 2144 1297 2202 et
1312 2156 1473 2223 prospero
1558 2175 1559 2224 t

346 2249 472 2334 iugiter
490 2245 651 2331 gradieris
668 2247 710 2312 ad
727 2245 856 2312 laudem
874 2245 947 2329 Dei,
964 2253 1019 2312 tus
1031 2243 1147 2313 salutis
1164 2246 1325 2312 oomulum
1344 2265 1385 2311 ao
1400 2254 1470 2311 tuo·
1558 2233 1559 2270 ³

345 2377 415 2424 rum
432 2376 548 2443 paoem
569 2355 720 2422 stabilem
738 2362 771 2421 et
787 2353 929 2438 quietem
945 2354 1078 2422 uberem
1100 2353 1330 2419 subiectorum.
1348 2353 1468 2420 Datum
1558 2385 1559 2472 ἦ

346 2467 433 2552 apud
449 2467 716 2534 Urbemveterem
742 2463 800 2530 Ill.
828 2462 994 2530 kalendas
1011 2461 1158 2546 Augusti.
1179 2461 1401 2528 Pontifioalns
1418 2481 1470 2526 no-

347 2577 405 2642 stri
421 2595 507 2642 anno
525 2573 635 2642 tortio.

430 2767 490 2838 (IV.
504 2769 610 2825 Miklos
623 2767 702 2842 pdpa
714 2766 913 2841 Regeslaibbl,
927 2767 1054 2824 Thorner
1066 2768 1105 2824 id.
1119 2786 1155 2822 m.
1169 2765 1192 2820 1.
1206 2765 1266 2820 iniit.
1281 2766 1346 2821 365.
1361 2767 1393 2836 l.)

785 3082 854 3090 ..ιι-μ.Ἴ
868 3083 936 3088 ---...-
969 3082 1039 3090 -.—
