3116 5166
585 248 771 354 ma.

121 443 239 514 titnlos
255 447 287 514 at
301 444 446 532 gratiam
471 446 607 531 assequi
622 449 791 516 merearis.
808 445 931 518 Datum
947 455 1053 520 Rome
1068 451 1157 538 apud
1173 453 1253 522 San·

121 557 210 620 ctum
226 553 356 620 Petrum
372 553 478 622 Nonis
494 552 628 642 Aprilis,
646 555 855 626 Pontificatus
872 559 973 626 nostri
989 577 1076 628 anno
1093 559 1208 648 primo.

213 745 275 820 (ΙΙΙ.
289 747 396 805 Mikibs
410 745 489 823 papa
503 748 694 824 Begastriibbl
707 752 833 810 Theiner
847 753 883 811 id.
897 772 934 810 m.
947 754 969 811 Ι.
982 755 1041 812 ket.
1056 755 1119 814 323.
1134 755 1167 830 l.)

577 1047 798 1068 m

666 1599 718 1664 57.

119 1793 189 1860 ΙΙΙ.
207 1791 326 1860 Miletos
348 1795 438 1882 pcipe
455 1793 574 1860 Miklo'a
589 1795 709 1882 crdtlpi
723 1799 916 1884 prepoatocle
932 1800 1116 1885 esztagami
1131 1801 1260 1868 sactis

120 1903 351 1966 abessealesse
359 1899 629 1988 tbroeaptcleanelc
638 1901 1175 1992 cyilutboztatjaesmcgccmmiriti;
1187 1931 1255 1996 epp·
1375 1966 1387 1998 ,Ι

121 2009 298 2075 ezersmind
323 2031 344 2074 a
368 2011 540 2098 aasumensi
558 2011 684 2097 pus-pole
698 2012 973 2101 postulaticjcinalc
1004 2037 1065 2081 sem
1097 2017 1256 2103 capellada

585 2119 677 2208 liclyr.
697 2122 798 2188 1278:

230 2315 393 2386 Nicolaus
405 2317 588 2404 Episcopus
605 2337 719 2388 seruus
736 2337 902 2387 seruorum
914 2318 977 2389 Dei
989 2321 1032 2391 ad
1049 2323 1193 2392 futuram
1209 2324 1257 2394 rei

119 2425 326 2494 memoriam.
360 2427 503 2494 Dilectie
543 2425 619 2494 filiis
648 2427 815 2497 Karacino
843 2429 1028 2514 presbitero
1054 2437 1089 2498 et
1114 2431 1255 2500 Nicolao

123 2533 247 2603 clerico
272 2537 540 2620 procuratoribus
565 2536 679 2604 dilecti
701 2537 759 2604 filii
774 2538 908 2606 Nicoiui
924 2540 1088 2625 Prcpositi
1106 2540 1256 2610 Ecclesie

124 2642 361 2730 Traneilvane,
379 2663 514 2714 eausam
530 2646 722 2723 electionis,
740 2663 803 2728 que
819 2646 852 2713 in
868 2646 1085 2732 strigoniensi
1102 2648 1257 2716 Ecclesia

125 2757 272 2821 vacante
299 2773 358 2840 per
383 2761 519 2822 mortem
544 2755 630 2820 bone
656 2754 811 2821 memorie
840 2753 987 2841 Philippi
1019 2755 1256 2842 strigoniensis

118 2859 395 2950 Arcbiepiscopi,
412 2863 455 2929 de
471 2863 544 2947 ipso
562 2863 735 2946 Proposito
746 2863 864 2930 dicitnr
875 2862 1044 2930 celebrata
1055 2864 1133 2932 olim
1144 2885 1255 2932 eoram

120 2969 231 3036 felicis
257 2969 501 3036 recordationis
520 2969 699 3056 Gregorio,
726 2970 916 3038 innocentio
933 2977 967 3037 et
981 2969 1150 3055 Adriano,
1177 2978 1256 3040 tunc

123 3077 243 3146 Sancti
260 3077 398 3144 Adriani
416 3079 566 3146 Diacono
583 3077 762 3156 cardinali,
779 3097 821 3144 cx
838 3079 1069 3148 commissione
1085 3080 1188 3166 ipsius
1204 3080 1257 3146 In·

119 3188 270 3255 nocentii
280 3237 289 3272 ,
316 3207 378 3255 nec
405 3208 470 3255 non
491 3193 524 3253 et
540 3187 692 3256 lobanne
709 3189 865 3255 Romanis
882 3185 1115 3274 Pontificibus,
1132 3187 1252 3257 nostris

118 3298 420 3384 predecessoribus
431 3349 440 3384 ,
469 3298 682 3384 ventilatam,
709 3297 832 3364 dudum
859 3296 1005 3365 eiusdem
1022 3295 1184 3381 Propositi
1200 3315 1255 3365 no·

119 3407 212 3474 minc
236 3405 513 3491 prosequentibus
540 3425 649 3472 coram
666 3405 762 3474 nobie
779 3424 819 3470 ac
836 3404 1021 3489 petentibus
1039 3425 1111 3471 cum
1129 3407 1254 3472 instan-

118 3516 177 3590 tia,
194 3521 230 3581 ut
246 3513 439 3582 electionem
456 3513 583 3599 ipsam,
602 3534 700 3598 qnam
717 3514 873 3582 dicebant
898 3514 1090 3581 canonicam
1117 3520 1150 3580 et
1175 3531 1255 3580 con-

120 3623 278 3707 cordem,
307 3623 517 3706 dignaremur
543 3623 741 3690 auctoritate
769 3619 959 3706 Apostolico
977 3620 1178 3688 confirmare.
1196 3620 1252 3688 Di-

119 3733 231 3798 lectus
257 3729 344 3798 tilius
372 3731 525 3816 magister
550 3730 672 3798 Paulus
694 3729 885 3814 Prcpositus
902 3728 1051 3797 Ecclesia
1067 3728 1256 3814 Wesprimi-

119 3840 225 3926 ensis,
245 3840 434 3908 canonicus
450 3840 699 3923 Strigoniensis,
726 3843 917 3923 procuratur
934 3835 1130 3907 venerabilis
1146 3836 1258 3906 fratris

118 3951 228 4015 nostri
245 3947 503 4034 vesprimiensis
520 3947 700 4034 Episcopi,
718 3965 883 4030 asserens,
901 3943 989 4027 qnod
1006 3945 1145 4032 predicti
1162 3944 1258 4031 Capi·

117 4057 225 4124 tulum
254 4055 393 4124 eundem
418 4055 618 4142 Episcopum
636 4055 668 4120 in
686 4053 977 4139 Arcbiepiecopurn
995 4051 1258 4138 strigoniensem

119 4168 158 4233 in
178 4164 358 4232 concordia
373 4165 591 4249 postularunt,
603 4181 644 4231 ac
660 4163 814 4230 electioni
827 4161 1060 4231 huiusmodise
1072 4179 1257 4247 opponens,

116 4279 191 4340 um
216 4281 335 4341 contra
359 4289 538 4357 personam
564 4271 642 4339 dicti
668 4269 850 4356 Prcpositi,
868 4289 966 4353 quam
984 4276 1101 4336 contra
1116 4269 1255 4338 sormam

120 4381 300 4450 electionis
325 4380 486 4466 predicte,
503 4377 651 4447 defectus
669 4385 703 4446 et
719 4378 857 4446 crimina
874 4377 1095 4464 infrascripta,
1112 4395 1257 4446 necnon

121 4499 158 4557 et
178 4489 247 4556 alia
258 4540 268 4575 ,
295 4494 429 4575 propter
455 4509 519 4574 qne
545 4487 676 4556 dicebat
692 4489 831 4556 candem
848 4487 1043 4557 electionem
1059 4499 1124 4552 nou
1142 4483 1257 4554 confir·

117 4595 219 4684 mari,
237 4596 299 4666 sed
316 4595 482 4684 infirmari,
500 4615 560 4666 seu
575 4597 685 4683 potius
702 4615 834 4666 cassam
851 4605 883 4666 et
898 4597 1025 4664 irritam
1036 4593 1185 4663 innitinri
1200 4589 1256 4660 de-
