3116 5166
815 301 976 410 ..Att-

340 502 444 572 solum
468 499 533 586 ipsi
559 497 727 582 Ecclesie,
754 499 817 568 sed
842 500 944 567 etiam
970 499 1032 567 toti
1048 499 1164 585 Regno
1180 495 1329 586 Ungarie
1346 498 1460 586 gravia

342 611 534 678 immineant
549 607 756 693 detrimenta,
774 609 934 693 variaque
950 609 1062 676 sintin
1079 609 1195 677 eodem
1206 609 1320 696 Regno
1330 609 1461 678 tribula·

341 721 448 788 tiones
474 725 506 786 et
531 717 691 787 scandata
715 718 889 804 suscitate,
907 723 1020 784 contra
1035 736 1099 801 que
1115 737 1176 805 per
1191 717 1460 788 accelerationem

341 825 539 916 provisionis
565 825 712 895 eiusdem
737 823 888 894 Ecclesia
913 831 1086 913 sperantur
1110 824 1206 893 utilia
1224 826 1371 894 remedia
1386 847 1460 914 pro·

341 942 497 1005 ventura:
514 941 625 1003 tamen
646 933 690 1003 ad
714 935 950 1003 evidentiorem
977 953 1154 1020 processus
1179 936 1284 1002 nostri
1307 935 1461 1003 iustitiam

344 1045 471 1114 eisdem
486 1043 750 1132 procuratoribus
766 1041 846 1110 dicti
867 1042 1031 1131 Propositi
1040 1093 1049 1129 ,
1067 1061 1165 1130 super
1181 1043 1393 1112 concessione
1417 1046 1461 1113 sie

342 1153 438 1243 petiti
462 1153 593 1222 termini
618 1151 659 1220 de
685 1151 820 1219 tratrem
847 1157 1033 1220 nostrorum
1048 1152 1188 1221 consilio
1204 1159 1398 1230 annuentes,
1413 1173 1460 1220 se·

343 1261 483 1330 eundem
509 1260 625 1328 feriam
649 1260 909 1331 Resurrectionis
941 1261 1111 1329 Dominioe
1135 1261 1283 1348 proxime
1299 1268 1461 1330 transacto

343 1376 480 1438 octavas
504 1369 690 1438 immediate
716 1375 906 1454 sequentem
924 1367 1022 1437 dictis
1038 1369 1303 1455 procuratoribus
1319 1391 1378 1457 pro
1395 1371 1461 1455 ipso
1547 1383 1548 1468 ζ

345 1476 537 1563 Proposito,
563 1485 597 1546 et
621 1477 727 1547 eidem
752 1478 924 1565 Prepesito
945 1499 1005 1565 per
1022 1478 1153 1546 eosdem
1170 1479 1390 1565 peremptorio
1405 1485 1461 1546 ter-

347 1587 435 1655 mino
452 1586 605 1654 duximus
622 1585 869 1672 assignandam,
885 1593 921 1654 ut
931 1587 1016 1654 idern
1030 1587 1220 1674 Propositus
1231 1589 1320 1655 iuxta
1330 1585 1462 1653 sormam

344 1695 377 1761 in
388 1694 614 1782 suprascripta
623 1694 781 1779 petitione
794 1701 1040 1780 procuratorum
1054 1715 1184 1764 suorum
1195 1713 1384 1782 expressam
1396 1713 1462 1780 per·

343 1800 1462 1886 sonalitercompareretinfradietamsecundamteriamcoramnobis‚

343 1909 487 1980 tacturus
498 1917 531 1975 et
541 1916 729 1995 recepturus
739 1927 839 1996 super
849 1909 1015 1995 premissis
1026 1911 1159 1994 negotio
1170 1909 1343 1978 etobiectis
1353 1917 1463 1976 eontra

343 2039 425 2105 eum,
437 2016 523 2103 quod
533 2017 687 2085 suaderet
697 2017 829 2105 iustitia,
843 2017 1059 2102 quodquenos
1070 2019 1244 2106 superittis
1261 2015 1462 2086 statuendum

343 2125 1462 2212 duceremus‚seuetiamordinandumitaquodnisiPrepositusiden

344 2239 435 2306 iuxta
451 2234 671 2324 prescriptum
688 2233 823 2303 termam
838 2253 1031 2321 comparere
1041 2236 1074 2302 in
1085 2237 1221 2303 termino
1238 2233 1363 2322 pretato
1379 2253 1464 2303 cura·
1547 2315 1548 2320 Ἰ

343 2352 404 2432 ret,
437 2365 497 2412 nos
523 2345 691 2431 predictas
716 2345 957 2412 conolusiouem
984 2350 1017 2411 et
1042 2345 1320 2413 renunciationem
1336 2366 1357 2413 a
1372 2345 1464 2412 dietis
1547 2357 1548 2438 t

346 2457 414 2523 suis
430 2453 695 2542 procuratoribus
721 2451 851 2548 nomine
872 2471 932 2519 suo
949 2452 1054 2520 tactas
1071 2458 1189 2520 extunc
1204 2461 1295 2521 ratas
1311 2463 1345 2520 et
1359 2452 1463 2520 firmas
1547 2451 1548 2508 t

345 2562 517 2648 habentes,
534 2561 633 2629 aede
653 2561 801 2645 ipsorum
818 2560 952 2628 tratrem
971 2561 1108 2629 consilio
1124 2567 1215 2630 ratas
1233 2569 1265 2628 et
1280 2561 1387 2629 firmas
1403 2561 1465 2627 exi·

345 2676 432 2738 stere
450 2672 681 2755 decernentes,
697 2669 792 2756 lapso
813 2669 960 2754 predicto
979 2669 1116 2737 termino
1132 2673 1177 2738 ad
1196 2671 1466 2740 difinitiramsen-

348 2781 486 2848 tentiam
513 2787 546 2846 et
573 2778 617 2845 ad
633 2775 839 2846 statuendum
857 2775 1133 2865 mendicandum,
1150 2779 1239 2863 quod
1255 2787 1289 2847 et
1306 2787 1402 2868 prout
1418 2799 1467 2844 ex·

344 2889 460 2974 pedire
490 2887 698 2971 videremus,
720 2905 819 2973 super
835 2887 950 2956 eodem
967 2887 1099 2971 negotio
1117 2893 1150 2954 ot
1166 2888 1241 2955 aliis
1256 2890 1406 2956 omnibus
1422 2907 1468 2953 su·

344 2997 512 3084 pradietis
528 2996 653 3080 absque
668 2996 806 3063 atterius
824 2995 994 3063 citationis
1006 2995 1117 3063 edicto
1128 2997 1381 3082 procederemus
1391 2997 1470 3063 eins-

346 3109 420 3175 dem
446 3105 610 3190 Prepesiti
636 3103 872 3172 absentiones
890 3103 1052 3170 obstante.
1077 3105 1165 3173 Sane
1182 3105 1259 3174 ticet
1274 3107 1380 3174 dietus
1395 3107 1469 3172 Pre-

348 3215 497 3303 positus,
523 3219 558 3279 ut
585 3233 627 3280 ex
651 3212 823 3299 premissis
839 3213 1022 3297 tenebatur,
1046 3233 1113 3281 non
1130 3215 1352 3300 comparuerit
1366 3219 1394 3281 in
1412 3223 1470 3282 ter·

345 3324 436 3391 mino
461 3321 667 3409 supradicto,
686 3329 797 3389 tamen
825 3320 941 3389 dilecti
956 3321 1016 3389 titii
1033 3327 1184 3407 magister
1199 3324 1399 3393 Benedictus
1416 3327 1470 3392 Ar·

345 3432 557 3500 chidiaeonus
584 3433 625 3499 de
649 3429 759 3498 Bekes
769 3481 779 3517 ‚
797 3437 829 3498 ct
845 3431 1014 3518 sepefatus
1033 3432 1230 3518 Karacinos,
1247 3441 1472 3519 procuratores

342 3540 493 3609 eiusdem
504 3539 674 3627 Prepesiti
687 3559 745 3626 pro
756 3547 850 3626 parte
860 3540 964 3627 ipsius
976 3545 1088 3609 nostro
1098 3559 1134 3607 se
1145 3543 1337 3628 conspectui
1345 3563 1473 3628 presen-

347 3655 467 3735 terunt,
485 3657 517 3717 et
534 3647 703 3716 decretum
720 3667 819 3732 super
836 3647 995 3715 electione
1012 3648 1172 3735 predicta,
1184 3649 1301 3734 quode
1321 3653 1393 3734 ipso
1404 3653 1474 3718 Pre-

345 3757 454 3842 pesito
471 3756 563 3824 faeta
579 3755 696 3822 dicitur
706 3805 715 3839 ,
742 3755 923 3821 contectum
942 3757 1003 3821 sub
1020 3757 1150 3824 nomine
1167 3759 1312 3842 ipsorum
1333 3751 1475 3843 capituli

344 3873 379 3930 et
406 3862 646 3930 canonicorum
673 3863 948 3947 strigoniensium
975 3865 1169 3934 exhibentes
1199 3867 1230 3933 io
1249 3874 1475 3936 nostraetco·

343 3991 410 4038 rum
418 3971 491 4038 dem
507 3971 645 4038 tratrem
662 3977 847 4041 nostrorum
874 3974 1061 4060 presentia,
1078 3973 1164 4042 inter
1180 3981 1295 4042 cetera
1311 3983 1385 4044 sunt
1402 3995 1475 4044 eon·

345 4079 448 4161 sessi,
466 4079 662 4164 premissum
688 4085 836 4149 nostrum
852 4099 1042 4168 processum
1061 4083 1150 4152 circa
1167 4083 1310 4149 medinm
1327 4084 1476 4163 Quadra·

346 4185 471 4271 gesime
487 4205 588 4275 uopcr
616 4191 773 4275 preterite
798 4191 844 4257 ad
870 4191 973 4276 ipsius
1000 4192 1164 4277 Prepesiti
1190 4191 1341 4259 notitiam
1366 4213 1478 4278 perne·

348 4293 448 4360 nisse.
466 4295 585 4361 Verum
602 4297 747 4364 eiusdem
764 4299 928 4385 Prepositi
945 4319 1108 4368 excusare
1126 4301 1307 4367 absentiam
1322 4309 1480 4386 satagen-

348 4409 398 4470 tes
415 4405 620 4488 asserebant,
638 4404 725 4487 qnod
741 4427 799 4491 pro
816 4407 903 4476 bono
921 4413 1011 4476 statu
1028 4409 1132 4494 Regni
1149 4408 1289 4493 prefati,
1307 4410 1401 4493 quod
1418 4429 1480 4475 non

349 4515 451 4581 solum
467 4512 662 4580 extrinsecis
678 4513 775 4582 bellis
800 4515 985 4602 impetitur,
1003 4515 1062 4584 sed
1087 4523 1121 4582 et
1144 4517 1308 4586 intestinis
1324 4518 1482 4584 scinditur

342 4629 376 4692 et
392 4621 551 4692 scissuris
568 4629 620 4691 est
636 4624 840 4693 multimodis
849 4627 1040 4712 laceratum,
1057 4645 1095 4697 se
1108 4626 1220 4695 abillo
1236 4625 1419 4696 absentare
1430 4645 1482 4692 ne-
