3142 5170
836 983 911 1050 156.

351 1199 377 1262 ι1
383 1197 417 1262 V.
435 1197 550 1262 Ln'sald
562 1196 670 1284 kircily
684 1199 861 1284 mcqardaite'
875 1220 1060 1284 rrpyaauzoa
1077 1199 1280 1284 udomdaydt.
1310 1200 1408 1262 1283.

421 1411 599 1482 Ladislaus
625 1409 687 1476 Dei
714 1411 829 1496 gracia
855 1413 1044 1499 Hungaric,
1073 1411 1266 1497 Dalmacie‚
1294 1411 1442 1496 Groacie,

319 1523 442 1606 Reme,
461 1520 593 1603 Seruie,
610 1517 773 1602 Gallicie,
792 1521 1009 1606 Lodomerie‚
1027 1520 1205 1602 Cumania,
1222 1521 1443 1604 Bulgarieqne

319 1630 390 1694 Rex
407 1627 567 1698 uniuersis
593 1628 711 1698 Christi
739 1627 894 1696 fidelibus
911 1639 1085 1714 presentes
1103 1629 1230 1694 litteras
1247 1630 1444 1714 inspecturis

317 1738 457 1805 salutem
474 1740 506 1804 in
523 1737 664 1804 Domino
681 1739 924 1822 sempiternam.
937 1736 988 1803 Ad
1005 1737 1066 1803 hoc
1082 1735 1172 1804 Deus
1190 1756 1290 1820 super
1307 1740 1444 1824 specula

318 1847 474 1913 eminenti
501 1846 711 1932 Majestatem
738 1847 875 1932 Regiam
900 1847 1036 1932 protulit
1052 1853 1085 1910 et
1102 1846 1220 1928 auexit,
1240 1851 1276 1910 vt
1293 1845 1329 1910 in
1346 1845 1443 1930 apici·
1563 1889 1564 1928 q

319 1953 380 2021 bns
396 1956 517 2020 summi
535 1953 687 2022 culminis
705 1957 836 2022 eleuata
848 1954 1033 2040 perspicuis
1047 1953 1362 2038 circumspeccionis
1373 1971 1444 2019 ocn-
1563 1961 1564 2010 1

320 2063 361 2128 lis
379 2061 618 2150 contempletur
635 2061 752 2128 merita
769 2061 986 2146 singulorum,
999 2067 1032 2128 et
1048 2062 1077 2128 si
1094 2082 1136 2128 ex
1150 2062 1261 2128 debito
1278 2061 1445 2145 generalis
1563 2111 1564 2120 ,

315 2170 533 2255 gubernaculi
560 2170 791 2238 uniuersaliter
816 2189 853 2236 se
879 2171 1058 2238 obnoxium
1088 2170 1246 2254 respiciat
1263 2167 1442 2254 uniuersis;
1563 2201 1564 2214 κ

317 2276 392 2344 illos
410 2284 531 2361 tamen,
549 2298 632 2363 quos
652 2278 852 2364 approbauit
869 2279 1022 2364 fidelitas,
1034 2277 1152 2348 sedula
1167 2277 1444 2346 seruioiorumex-
1563 2295 1564 2302 ¹

317 2385 459 2453 tulerunt
474 2387 601 2472 merita,
614 2406 743 2456 suorum
761 2387 1003 2456 commendauit
1019 2387 1213 2470 obsequium
1231 2386 1443 2470 indefessum,
1563 2399 1564 2466 j

321 2495 478 2579 Regalem
505 2494 638 2580 expedit
662 2495 818 2580 prosequi
835 2495 1091 2563 munificenciam
1109 2495 1328 2581 amplioribus
1343 2493 1442 2562 dona·
1563 2541 1564 2584 3

318 2602 394 2668 tiuis
406 2609 438 2668 et
449 2603 746 2670 commendacionis
763 2603 944 2688 magnificis
962 2605 1066 2672 titulis
1083 2603 1265 2689 amplioris,
1282 2610 1320 2670 vt
1335 2622 1441 2672 exem·
1563 2597 1564 2630 ³

314 2711 371 2795 plo
388 2710 573 2796 hujusmodi
589 2714 622 2774 in
639 2711 756 2778 ceteris
773 2715 862 2779 zelus
873 2711 1042 2780 fidelitatis
1054 2709 1117 2798 (et)
1135 2713 1366 2795 obsequiorum
1383 2711 1442 2778 ler-

315 2838 396 2884 uens
422 2816 618 2885 desiderium
645 2820 830 2906 amplietur.
858 2822 941 2887 Hinc
968 2827 1019 2888 cst
1045 2821 1131 2904 quod
1148 2817 1267 2886 Comes
1284 2819 1442 2900 Mathias,

315 2927 460 3010 bencus,
471 2923 579 3008 Other,
591 2927 769 3012 lohannes,
782 2929 904 2998 Paulus
915 2934 947 2996 et
957 2928 1144 3014 Stephanus
1155 2927 1277 2994 fratres
1290 2927 1440 3011 ejusdem

317 3033 439 3101 Mathia
467 3032 613 3116 Comitis,
640 3036 827 3120 Majestatis
844 3044 956 3104 nostre
981 3037 1186 3122 presenciam
1203 3035 1367 3102 adeuntes
1384 3037 1442 3102 im·

314 3142 446 3227 plorare
472 3141 683 3210 clemenciam
709 3144 846 3228 Regiam
871 3146 1118 3234 supplicacione
1136 3145 1251 3212 humili
1269 3151 1439 3228 curarunt,

315 3270 413 3336 super
430 3271 469 3316 co
486 3249 658 3335 videlicet,
678 3254 767 3335 quod
784 3255 930 3336 graciam
948 3253 1230 3337 confirmacionis,
1247 3253 1441 3338 approbaoi-

317 3363 399 3445 onis,
412 3360 661 3427 ratihahicionis
677 3369 709 3427 et
725 3363 971 3446 prorogaeionis
982 3364 1085 3446 Regie
1103 3361 1300 3430 donacionis
1318 3363 1360 3428 de
1374 3381 1440 3445 per-

317 3487 399 3536 sona
428 3467 533 3552 ipsius
561 3467 697 3536 domitis
724 3469 848 3537 Mathia
874 3472 906 3536 in
925 3471 1046 3538 fratros
1064 3490 1141 3537 suos
1158 3469 1326 3556 predictos
1341 3469 1438 3554 facte,

316 3578 346 3646 si
372 3577 481 3661 ipsum
498 3577 622 3659 absque
648 3577 824 3644 heredibus
843 3581 1033 3646 masculinis
1050 3578 1211 3646 decedere
1228 3577 1442 3662 contingeret,

316 3685 433 3752 robore
457 3683 593 3768 Regalis
619 3684 782 3768 priuilegii
800 3686 1008 3768 muniremus,
1034 3685 1199 3771 prefatam
1225 3685 1373 3769 graciam
1405 3693 1440 3751 et
1563 3699 1564 3774 s

316 3790 574 3858 munificenciam
601 3792 727 3857 eisdem
753 3813 774 3858 a
799 3791 893 3859 nobis
911 3793 1033 3861 iactam
1051 3815 1109 3880 por
1127 3791 1291 3876 quasdam
1307 3799 1443 3860 nostras
1563 3775 1564 3868 i

315 3907 466 3986 patentes
492 3900 617 3966 litteras
645 3903 677 3964 in
701 3907 847 3968 nostram
873 3902 1068 3972 memoriam
1093 3909 1127 3968 et
1154 3900 1338 3986 pleniorem
1354 3900 1440 3966 noti·
1563 3949 1564 3992 q

316 4007 401 4074 ciam
418 4006 620 4074 reducentes.
638 4007 783 4086 Quarum
800 4009 963 4092 siquidem
980 4019 1077 4075 tenor
1093 4008 1169 4076 talis
1186 4015 1235 4074 est
1252 4031 1259 4072 :
1563 4077 1564 4080 Ἴ

425 4115 599 4183 Lndislaus
625 4116 687 4182 Dei
713 4117 827 4198 gracia
852 4121 921 4186 Rex
948 4117 1116 4204 Hungaric
1134 4119 1199 4184 sth.
1227 4119 1409 4192 devehenti
1426 4141 1444 4178 a
1563 4097 1564 4150 l

316 4231 410 4303 kirdly
426 4231 584 4302 adomhnyn
595 4233 666 4286 mint
685 4233 745 4288 155
764 4252 801 4288 sa.
814 4231 852 4304 a.)
1155 4215 1160 4224 Ι
1563 4223 1564 4242 ’

423 4333 494 4398 Nos
520 4330 616 4413 igitur
642 4353 682 4398 ex
710 4332 933 4399 sollicitudine
959 4333 1094 4416 Regalis
1112 4331 1212 4398 oflicii
1228 4337 1443 4396 recensentes

316 4440 510 4507 fidelitatem
527 4460 627 4524 opera
637 4491 646 4526 ‚
664 4441 895 4525 obsequiorum
912 4441 1047 4524 merita,
1075 4447 1170 4508 actus
1188 4447 1339 4506 strenuos
1356 4437 1443 4502 mili·

315 4555 415 4630 taras,
427 4546 459 4612 in
476 4549 594 4631 quihus
610 4551 805 4619 exercendis
815 4559 849 4617 et
866 4549 1082 4636 expediendis
1097 4547 1300 4634 temporibus
1314 4547 1443 4628 Regum

316 4654 506 4740 Illustrium,
523 4657 602 4722 Bele
619 4657 773 4724 uidelicet
783 4657 892 4725 incliti
908 4659 963 4724 aui
978 4657 1092 4754 nostri,
1110 4665 1142 4723 et
1158 4655 1316 4741 Stephani
1333 4655 1442 4737 patris
