3142 5164
784 338 945 440 Aa-

309 537 513 626 longitudine
539 547 623 602 terre
641 535 799 614 arabilis,
825 535 914 601 venit
930 533 1071 602 dirrecte
1089 536 1133 602 ad
1161 535 1315 619 angulum
1343 537 1433 602 curie

307 654 419 732 Leuc,
439 653 530 714 tenet
545 651 651 711 metas
668 661 740 711 cum
758 642 892 729 codem,
918 645 1019 710 currit
1036 643 1126 711 circa
1143 642 1266 710 curiam
1292 643 1434 710 eandem

309 761 342 825 in
358 756 561 843 longitudine
571 803 580 837 ,
607 753 698 821 venit
714 757 775 822 sub
802 754 911 836 beret,
938 760 970 819 et
987 753 1033 820 ibi
1049 759 1126 820 sunt
1151 753 1216 820 due
1233 759 1318 820 mete
1331 772 1434 838 prope
1560 831 1561 854 ἦ

309 867 494 935 Ecclesiam
512 863 600 929 eirca
617 861 704 928 viam
730 880 883 946 magnum
901 868 1031 946 aparte
1048 859 1217 946 inferiori,
1243 860 1358 944 ibique
1375 882 1433 927 an·

307 978 458 1061 gulatur3
482 973 557 1038 inde
574 967 665 1038 vadit
681 971 821 1037 dirrecte
847 969 882 1036 in
899 969 1002 1034 latere
1018 968 1167 1053 ejusdem
1193 967 1282 1031 beret
1307 967 1354 1034 ad
1372 990 1430 1054 py-

307 1103 388 1159 rum,
404 1080 493 1164 quod
509 1083 560 1144 est
574 1080 608 1142 in
625 1079 716 1144 curia
741 1077 878 1160 Bogoua
896 1081 972 1140 aute
994 1075 1127 1142 domum
1144 1075 1313 1160 ejusdcm,
1344 1077 1432 1158 quod
1560 1049 1561 1140 Ῐ

310 1197 363 1256 eut
378 1207 436 1274 pro
453 1192 545 1253 mete
562 1194 593 1253 et
611 1186 749 1252 termino
765 1185 967 1270 deputatum,
986 1191 1018 1252 et
1035 1184 1081 1250 ibi
1097 1185 1275 1268 angulatur
1291 1186 1432 1266 iterato;
1560 1177 1561 1222 l

312 1301 439 1368 demum
455 1297 547 1366 venit
560 1295 701 1360 dirrecte
725 1314 783 1379 per
800 1299 905 1360 metas
922 1293 1093 1358 continuas
1117 1293 1238 1359 iterato
1255 1313 1356 1378 super
1371 1291 1432 1358 flu·
1560 1279 1561 1290 ’

310 1405 395 1472 vium
412 1406 595 1489 Lyptowu‚
614 1409 644 1467 ei
660 1401 707 1467 ibi
733 1399 819 1466 infra
843 1401 1066 1466 molendinum
1083 1401 1198 1488 (lbysk
1224 1401 1314 1466 circa
1342 1403 1434 1466 littus
1560 1481 1561 1486 ἵ

307 1510 396 1578 fluvii
413 1511 554 1597 predicti
576 1510 674 1594 juxta
690 1509 827 1576 salicem
844 1516 921 1574 sunt
936 1507 999 1572 due
1024 1512 1110 1572 mete
1127 1513 1254 1588 terrae,
1280 1509 1327 1574 ibi
1344 1507 1434 1574 cadit
1560 1493 1561 1588 J

287 1623 339 1716 'in
356 1619 463 1704 ipsum
480 1616 614 1685 fluvium
631 1619 792 1704 bylone,
811 1615 981 1683 descendit
997 1617 1029 1682 in
1047 1613 1163 1684 eodem
1180 1617 1224 1684 cd
1246 1623 1351 1684 metas
1368 1617 1431 1700 pri·
1560 1591 1561 1636 ³

308 1746 392 1812 cres,
409 1735 443 1794 et
459 1727 509 1794 sic
524 1727 714 1794 terminatur
724 1730 813 1792 meto
828 1733 989 1791 terrarum
1001 1724 1175 1790 arabilium
1192 1723 1224 1790 in
1242 1725 1348 1812 primo
1359 1725 1432 1793 loco

308 1835 536 1904 existencium.
561 1834 601 1900 In
618 1831 763 1900 secundo
791 1839 902 1900 autem
928 1833 1002 1902 loco
1020 1835 1052 1898 in
1079 1831 1167 1898 velle
1185 1832 1274 1899 circu
1298 1830 1431 1899 fluvium

234 1989 239 1996 -
306 1948 436 2027 Lytava
452 1942 514 2008 hoc
530 1940 644 2007 ordine
675 1940 930 2024 distinguuntur
947 1964 955 2004 :
973 1939 1088 2025 incipit
1105 1940 1215 2016 enim,
1240 1937 1297 2006 ubi
1314 1940 1432 2006 llsank

307 2049 410 2136 potok
420 2043 577 2134 cadit(in)
585 2049 760 2135 nytcvapt
771 2048 814 2114 ab
826 2049 933 2115 altera
943 2055 1037 2134 parte
1047 2051 1139 2116 inxtu
1152 2047 1290 2118 eundem
1300 2045 1432 2115 fluvium

307 2164 383 2228 sunt
399 2159 462 2224 due
487 2161 590 2239 mctc;
617 2153 692 2224 inde
708 2155 800 2224 vadit
826 2177 885 2241 per
907 2154 1143 2240 longitudinem
1168 2163 1256 2224 terre
1281 2155 1431 2235 arabilis,

308 2273 396 2334 tenet
412 2273 516 2332 metas
543 2283 616 2330 cum
636 2266 774 2346 Bogona
799 2271 831 2329 et
848 2263 1005 2330 fratribus
1030 2265 1118 2347 suis,
1145 2265 1236 2332 venit
1262 2262 1307 2330 ad
1334 2265 1431 2348 vium,

308 2393 371 2458 que
387 2373 478 2440 venit
494 2371 536 2436 de
561 2377 669 2440 castro
687 2373 771 2438 Dens
796 2378 829 2438 et
847 2372 1002 2438 Demetrii
1020 2373 1181 2442 Comitum
1190 2421 1199 2456 ‚
1226 2378 1260 2438 et
1275 2372 1322 2436 ibi
1340 2373 1432 2438 iuxta

308 2483 396 2548 viam
415 2478 554 2548 eandem
570 2481 630 2546 sub
647 2485 757 2546 monto
774 2481 973 2562 estquidam
990 2482 1077 2566 lapis
1103 2501 1243 2565 magmis
1270 2502 1331 2568 pro
1347 2487 1433 2548 meta

308 2587 487 2673 deputatus
497 2637 506 2671 ,
525 2587 638 2670 ibique
655 2587 851 2673 angulatum
867 2587 954 2661 ‚inde
971 2609 1031 2672 per
1047 2589 1187 2656 eandem
1211 2589 1300 2655 viam
1318 2589 1431 2674 spacio

308 2695 633 2783 competentiuenit,
653 2696 705 2761 nbi
722 2703 799 2760 sunt
816 2695 879 2760 due
896 2703 981 2762 mete
994 2697 1093 2781 juxta
1109 2697 1217 2780 viam,
1245 2697 1360 2779 ibique
1376 2715 1430 2762 an-

307 2803 439 2886 gulatur
453 2801 595 2886 iterato;
613 2801 690 2870 inde
706 2801 891 2885 reflectitur,
909 2803 1000 2870 venit
1019 2803 1159 2870 dinnecte
1178 2806 1298 2870 iterato
1308 2803 1362 2870 'ad
1377 2801 1431 2868 fln-

308 2910 394 2976 vium
419 2911 572 2996 Lyptcva
597 2928 695 2994 super
721 2910 812 2978 Guze
828 2911 931 2992 haze,
951 2917 982 2975 et
999 2911 1045 2976 ibi
1072 2918 1150 2976 sunt
1174 2909 1237 2976 due
1264 2917 1353 2978 mete
1374 2909 1431 2976 sub

307 3017 447 3101 quedam
466 3018 582 3086 arbore
600 3015 694 3105 (qne)
720 3018 805 3104 ozepl
821 3025 1026 3104 nuncupatur
1049 3019 1247 3103 vulgariter,
1273 3020 1320 3084 ibi
1338 3017 1426 3086 cedit

307 3127 341 3192 in
357 3125 561 3210 sepedictum
577 3123 710 3192 fluvium
727 3129 898 3213 Lyptova,
916 3126 1087 3194 descendit
1104 3127 1136 3193 in
1159 3127 1277 3196 ecdem
1293 3135 1327 3194 et
1342 3127 1432 3196 venit

222 3286 223 3290 ,
306 3232 350 3300 sd
366 3239 472 3302 metas
490 3236 626 3319 priorem
644 3241 678 3300 et
693 3235 742 3303 sic
753 3235 972 3302 terminentur
983 3244 1065 3303 mete
1086 3242 1245 3304 terrorum
1255 3235 1430 3302 arabilium

307 3342 339 3408 in
357 3341 501 3410 secundo
517 3343 590 3409 loeo
608 3345 830 3410 existeucinm.
858 3344 895 3408 In
913 3345 1015 3410 tercio
1032 3351 1140 3410 autem
1157 3345 1230 3409 loco
1247 3343 1280 3410 in
1297 3350 1429 3410 monta:

306 3449 427 3534 Incipit
443 3454 476 3516 in
492 3451 615 3520 vertice
631 3453 749 3518 montis
764 3452 852 3518 circu
869 3455 1090 3520 summitatem
1100 3452 1205 3520 Sezde
1221 3452 1358 3536 pctoka,
1377 3451 1430 3518 ubi

307 3561 385 3624 suut
401 3558 464 3624 due
481 3567 587 3642 mete,
614 3559 706 3626 vadit
731 3559 873 3626 dirrecte
889 3579 948 3645 per
969 3568 1073 3628 terras
1100 3559 1244 3628 arabiles
1271 3561 1317 3626 ad
1334 3557 1429 3642 viam,

307 3685 371 3749 que
386 3665 481 3762 ‘venit
497 3665 538 3732 de
553 3669 700 3752 Bouank,
725 3672 758 3733 et
774 3668 820 3732 ibi
832 3666 929 3750 juxte
954 3667 1095 3752 eandem
1112 3677 1187 3734 sunt
1203 3669 1268 3734 due
1294 3675 1380 3736 mete
1396 3669 1430 3735 in

307 3772 375 3840 line
391 3779 478 3840 terre
495 3774 651 3855 arabilis,
675 3774 786 3858 ibique
803 3775 1000 3860 angulatum
1017 3776 1093 3844 indo
1110 3795 1168 3859 per
1185 3775 1328 3842 eandem
1343 3775 1430 3842 uiam

306 3880 466 3946 currendo
486 3882 591 3948 tendit
606 3901 721 3949 versus
733 3882 876 3966 Buzaule,
896 3884 953 3948 ubi
969 3881 1157 3950 circaviam
1175 3887 1253 3948 eunt
1264 3883 1328 3950 due
1345 3889 1430 3948 mete

307 3988 485 4071 angulares
500 4008 508 4068 3
525 3988 646 4056 deinde
662 3987 838 4058 reflectitur
850 3992 989 4058 dirnecte
1010 3991 1277 4075 superLypouch
1294 3993 1428 4075 poleka,

305 4103 338 4164 et
353 4095 399 4162 ibi
416 4097 449 4162 in
466 4100 654 4165 summitate
671 4099 776 4166 eidem
795 4101 898 4184 potck
915 4109 990 4166 sunt
1005 4099 1068 4166 due
1085 4107 1181 4186 mete,
1203 4108 1236 4168 et
1253 4102 1302 4165 sic
1317 4100 1425 4166 termi-

305 4209 423 4272 nantur
439 4213 524 4274 mete
542 4215 701 4276 terrerum
726 4209 902 4276 arabilium
920 4211 952 4276 in
978 4209 1080 4276 tercio
1098 4209 1171 4276 loco
1198 4208 1423 4278 existenciom.

305 4313 405 4380 Prata
421 4319 529 4381 autem
547 4321 579 4383 et
596 4315 710 4384 leoetc
724 4318 821 4384 metis
839 4337 904 4384 non
922 4316 1153 4402 distinxerunt,
1174 4319 1232 4384 sad
1249 4317 1428 4384 secundum

304 4440 434 4489 cursum
458 4423 608 4508 predicte
634 4425 807 4493 divisionis
834 4435 931 4510 prata
958 4433 991 4494 et
1016 4426 1126 4494 leueta
1150 4427 1235 4494 inter
1264 4445 1301 4494 se
1326 4427 1426 4511 ipsos,

304 4535 403 4614 prodt
419 4529 555 4600 cuilibet
571 4551 683 4599 eorum
700 4533 772 4600 dori
789 4534 946 4619 expedit,
963 4533 1210 4620 distribuerunt,
1230 4535 1334 4602 silves
1350 4552 1427 4600 vero

304 4641 337 4702 et
351 4656 486 4710 nemora
503 4659 543 4706 ae
559 4639 645 4708 alios
671 4641 830 4709 utilitates
846 4643 880 4708 in
897 4644 946 4712 eis
971 4643 1152 4712 existentes
1168 4645 1202 4710 in
1227 4662 1322 4710 usum
1337 4661 1423 4710 ccm-
