3142 5170
655 1072 729 1138 tol.

127 1289 158 1354 A
173 1292 294 1355 edredi
308 1289 465 1376 kdptolarr
481 1291 679 1377 bizonysdpot
694 1300 757 1354 tesa
773 1293 871 1375 arrdl,
883 1289 961 1378 kopp
974 1264 1139 1378 (itomdoyr'
1153 1294 1254 1358 Buth-

128 1399 194 1460 me'r·
209 1401 242 1463 ds
248 1399 299 1483 fia
310 1399 417 1480 Beda,
430 1399 579 1464 Kraaanu
595 1399 775 1483 odrmepyei
786 1370 940 1485 &ruodep
950 1401 1032 1463 osori
1045 1401 1155 1465 delitiis
1163 1399 1253 1486 jb'ld·

118 1505 213 1588 jobet
229 1505 330 1570 Mdrlr
346 1505 407 1570 brist
415 1505 545 1589 flainuk
560 1503 740 1570 Ldszldnek
766 1507 797 1568 e's
821 1503 1013 1592 Middlprralt
1032 1508 1077 1570 20
1092 1509 1253 1574 mortuom

288 1613 439 1677 drdktisen
457 1610 573 1678 eladis.
590 1609 665 1676 Ketr
674 1609 827 1696 pttukded
843 1610 974 1676 tetthen.
993 1613 1092 1676 1283.

235 1824 422 1910 Capitulum
439 1824 668 1894 waradiensis
694 1825 844 1892 Eeelesie
868 1823 1021 1894 omnibus
1038 1825 1161 1896 Obristi
1175 1827 1251 1896 fide-

126 1934 215 2000 libus
240 1951 378 2020 presens
403 1934 561 2021 seriptum
587 1933 787 2019 inspecturis
809 1933 946 2000 salutem
963 1933 997 1998 in
1013 1935 1152 2004 Domino
1169 1955 1251 2005 sem-

126 2040 300 2126 piternam.
327 2039 380 2108 Ao
404 2041 631 2107 uniuersorum
653 2039 812 2143 uptieiam
836 2046 904 2106 tam
931 2040 1138 2124 preseneium
1153 2064 1251 2129 quam

126 2149 308 2216 futurorum
333 2155 447 2217 tenore
470 2149 678 2236 preseneinm
704 2149 854 2216 velumus
871 2150 1058 2236 peruenire,
1075 2151 1161 2236 quod
1176 2157 1250 2221 But·
1279 2237 1282 2246 Ι

123 2277 194 2324 mer
219 2255 309 2324 tilius
334 2257 440 2343 Bona,
466 2263 499 2325 et
518 2254 615 2324 Buda
640 2254 725 2322 lilius
750 2255 897 2324 eiusdem
923 2258 965 2325 de
990 2254 1109 2326 Otman
1130 2277 1172 2326 ex
1188 2281 1252 2328 una

123 2371 229 2450 parte,
246 2364 405 2450 magister
419 2364 599 2432 Ladialans
614 2363 702 2431 filius
719 2363 835 2450 Mareij
863 2364 946 2431 Beni
971 2384 1032 2450 pro
1058 2385 1105 2453 se,
1134 2376 1168 2435 et
1183 2371 1250 2455 My-

125 2471 242 2541 ebnele
257 2471 359 2539 fratre
376 2491 436 2541 suo
454 2491 496 2539 ex
511 2473 631 2556 altera,
649 2490 761 2538 eoram
776 2471 871 2539 nobis
887 2473 1106 2558 personaliter
1132 2475 1251 2542 eonsti-

124 2581 199 2669 tuti,
216 2579 302 2646 idem
319 2580 475 2648 Butbmer
491 2587 524 2646 et
539 2565 644 2663 Beda,
655 2577 742 2646 filius
758 2596 837 2646 suus
847 2578 925 2645 rina
941 2599 1032 2662 noes,
1043 2599 1128 2650 sana
1142 2591 1252 2651 mente

124 2695 377 2778 spontaneaque
393 2689 564 2757 voluntate
580 2692 655 2755 sunt
671 2685 828 2770 confessi,
840 2684 926 2770 quod
944 2687 1109 2770 quendam
1125 2695 1250 2758 terram

125 2817 239 2866 eorum
254 2794 489 2864 hereditariam
500 2794 665 2864 Athenon
681 2793 887 2881 appellatam
904 2795 937 2860 in
949 2795 1114 2865 Comitatu
1130 2799 1173 2866 de
1184 2796 1251 2864 Ka-

123 2927 227 2974 rauna
241 2906 450 2990 existentem,
468 2903 753 2972 consensientibus
783 2909 816 2970 et
831 2902 1097 2987 permittentibus
1113 2925 1250 2974 comme-

123 3013 233 3082 taneis
249 3014 337 3082 diets
352 3019 449 3096 terre,
467 3012 554 3082 sieut
570 3012 722 3080 dixerunt
739 3030 809 3078 eun
828 3011 978 3080 omnibus
1004 3013 1202 3082 utilitatibus
1217 3022 1250 3081 et

123 3121 339 3206 pertineneijs
355 3121 435 3204 suis,
453 3120 514 3188 sub
531 3118 627 3186 metis
642 3117 808 3188 ueteribus
828 3125 861 3186 et
877 3119 1032 3202 antiquis,
1045 3121 1162 3204 quibus
1177 3140 1250 3207 pos·

122 3249 221 3298 sessa
245 3249 304 3315 per
328 3228 421 3314 ipsos
448 3235 480 3296 et
501 3247 648 3313 proauos
672 3228 815 3314 ipsorum
840 3247 901 3314 pro
916 3228 1034 3312 uiginti
1050 3232 1169 3298 mareis
1185 3225 1250 3296 dis-

121 3338 327 3421 traxissent,
353 3336 514 3422 magistro
529 3335 699 3422 amulae,
716 3342 750 3404 et
764 3335 859 3402 tratri
874 3355 936 3405 suo
951 3336 1120 3424 Mpehaeli
1136 3357 1250 3425 supra-

122 3449 233 3531 dietis,
250 3454 284 3514 et
298 3466 358 3534 per
374 3448 465 3535 ipsos
483 3446 630 3531 ipsorum
645 3443 821 3516 heredibus
837 3444 1060 3530 heredumque
1080 3464 1247 3534 suceesso-

120 3555 214 3624 ribus
246 3553 508 3623 irreuoeabiliter
538 3558 699 3640 perpetuo
725 3551 963 3640 possidendam
995 3559 1027 3620 et
1058 3552 1249 3620 habendam

120 3664 222 3748 pleno
249 3663 340 3744 iure,
368 3681 449 3746 quas
475 3659 606 3744 quidem
631 3658 751 3744 uiginti
776 3679 904 3727 mareas
929 3661 1027 3746 plene
1042 3660 1197 3728 dixerunt
1213 3680 1249 3727 se

116 3771 289 3860 recepisse
303 3773 348 3838 ab
364 3769 497 3852 eisdem,
510 3767 697 3853 obligantes
714 3771 853 3854 seipsos,
870 3769 959 3852 quod
976 3768 1020 3835 ab
1035 3767 1186 3835 omnibus
1202 3768 1249 3836 in-

118 3879 318 3967 petitoribus
345 3885 414 3946 tam
429 3876 623 3964 propinquis
650 3895 749 3961 quam
774 3879 916 3960 remotis,
943 3878 998 3959 qui
1014 3878 1147 3945 rarione
1164 3883 1250 3944 terre

120 3983 255 4054 uendite
273 3986 381 4054 dietos
398 3986 590 4070 magistrum
606 3984 813 4070 badyalaum
837 4001 896 4066 sen
911 3983 1098 4068 Mybaelem
1114 3983 1248 4076 fratrem

118 4112 215 4159 suum
243 4095 295 4160 uel
322 4093 479 4178 ipsorum¹
495 4089 636 4160 heredes
663 4091 840 4159 molestare
865 4091 1046 4159 niterentur
1072 4090 1246 4174 iustique,

117 4199 265 4290 proprijs
282 4199 478 4290 expedirent
494 4200 664 4268 laboribus
675 4199 874 4288 etexpensis
892 4197 1035 4283 eosdem,
1052 4195 1176 4266 dietam
1185 4204 1248 4264 ter-

115 4329 188 4377 ram
199 4307 326 4376 eisdem
336 4309 475 4395 paeifiee
486 4307 731 4392 relinquendum
739 4303 884 4396 (lgp).ln
895 4308 988 4374 euius
999 4307 1048 4374 rei
1058 4305 1247 4376 memoriam

117 4422 296 4506 presentes
321 4417 545 4486 eoneessimus
571 4416 699 4484 litteras
721 4413 821 4499 sigilli
837 4417 940 4481 nostri
955 4413 1133 4481 munimine
1148 4411 1244 4480 robo-

115 4531 220 4594 ratas.
248 4525 371 4592 Datum
399 4531 431 4592 et
448 4529 557 4592 aetum
574 4523 607 4590 in
624 4525 752 4594 oetauis
768 4523 992 4610 Pentecosteq
1009 4540 1094 4590 anne
1112 4516 1241 4586 Domini

114 4633 185 4700 blo
202 4632 292 4702 Gli-0
309 4633 536 4718 oetuagesimo
554 4629 665 4698 terrio.
684 4629 823 4700 Domino
838 4631 940 4698 Batur
950 4627 1132 4714 Proposito,
1145 4625 1241 4714 limy-
