3142 5164
815 275 964 387 ⁸aar.

322 477 390 545 tulo
407 471 617 544 waradiensi
641 471 761 540 nostris
776 472 896 540 litteris
920 471 1071 539 dedimus
1088 471 1122 537 in
1139 468 1312 554 mandatis,
1328 475 1366 538 vt
1380 470 1448 536 mit-

322 589 372 652 tat
388 582 608 652 testimonium
633 599 746 648 eornm
761 581 933 668 ydoneum,
954 597 1025 645 cunr
1044 597 1109 664 quc
1128 578 1244 648 Leuka
1261 579 1303 646 de
1319 579 1451 664 Zenpes

322 689 420 761 bomo
436 696 549 761 noster
575 689 681 756 dictas
698 688 940 776 possessiones,
957 688 1148 756 conuocatis
1165 688 1402 756 commetaneis
1418 691 1450 752 et

325 799 443 868 vicinis
469 799 655 868 reambulet
680 805 713 865 et
738 801 865 866 statuat
889 793 1009 864 comiti
1025 797 1140 867 Hudns
1156 803 1190 864 et
1206 795 1275 864 suis
1293 793 1449 862 iratribus

323 907 534 995 supradietis,
551 907 581 974 si
597 925 661 973 non
678 904 777 973 luerit
794 903 1048 990 contradictum,
1075 903 1380 975 contradictoribus
1396 921 1450 970 an·

322 1023 399 1100 tem,
416 1016 446 1084 si
461 1017 517 1099 qui
533 1015 660 1100 fierent,
677 1012 721 1080 ad
737 1020 881 1090 nostram
906 1015 1114 1100 presenciam
1137 1012 1293 1094 euocatis,
1320 1017 1354 1078 et
1369 1016 1451 1096 post·

325 1123 387 1192 bec
405 1123 493 1192 diem
510 1121 684 1192 citacionis
707 1129 740 1189 et
755 1122 930 1189 terminum
946 1123 1162 1207 assignatum,
1184 1121 1321 1187 nomina
1337 1120 1450 1186 citato·

326 1253 408 1318 rum,
436 1239 469 1298 et
484 1239 591 1300 rtrum
608 1230 722 1298 eedem
740 1231 806 1298 sint
821 1231 1052 1317 possessiones
1070 1230 1141 1297 sine
1156 1230 1279 1310 herede
1293 1226 1450 1295 deceden-

324 1341 387 1426 tis,
404 1341 499 1408 nobis
515 1337 655 1408 fideliter
678 1339 906 1408 rescriberent.
933 1339 1028 1418 Quod
1045 1339 1177 1423 quidem
1194 1337 1384 1424 Capitulum
1399 1335 1451 1403 de·

326 1469 413 1519 mum
428 1447 524 1516 nobis
543 1446 716 1534 rescripsit
730 1447 764 1514 in
781 1445 843 1515 bec
858 1447 962 1515 verba
978 1471 985 1512 :

432 1557 718 1626 Excellentissimo
743 1555 883 1624 Domino
909 1555 1076 1642 Ladyalao
1100 1554 1164 1622 Dei
1187 1555 1301 1637 gracia
1325 1552 1452 1620 illustri
1553 1533 1554 1556 ¹

325 1667 408 1751 Regi
424 1667 595 1752 Hungarie
612 1665 837 1734 Waradiensis
855 1665 1007 1735 Ecclesia
1024 1663 1213 1750 Capitulum
1231 1661 1408 1732 oraciones
1421 1663 1452 1726 in
1553 1677 1554 1704 ¹

326 1775 466 1845 Domino
483 1775 559 1861 pias
576 1781 609 1842 et
625 1774 777 1842 denotas.
795 1775 973 1844 Serenitati
989 1779 1099 1842 vestre
1116 1780 1228 1840 notum
1245 1769 1314 1856 liat,
1331 1787 1394 1838 nos
1405 1771 1453 1838 lit·
1553 1763 1554 1770 ’

327 1890 415 1952 teras
432 1889 561 1950 vestras
577 1881 611 1950 in
628 1883 690 1949 bec
708 1882 810 1948 rerba
831 1883 998 1968 recepisse
1016 1907 1023 1946 ι

435 1991 627 2078 Lad'ynlaus
643 1991 706 2059 Dei
722 1991 838 2076 grania
854 1992 927 2058 Rex
946 1990 1116 2078 Hungarie
1133 1989 1289 2059 lidelibns
1305 1987 1378 2056 suis
1394 1988 1451 2056 (la-

327 2099 431 2186 pitulo
448 2099 661 2167 Warcdiensi
677 2101 816 2168 salntem
842 2107 873 2167 et
890 2101 1050 2186 graciam.
1077 2101 1195 2170 Oomes
1212 2097 1329 2165 Hndns
1339 2147 1349 2182 ,
1366 2096 1453 2164 Bric-
1553 2187 1554 2190 Ἴ

310 2206 408 2288 ‘eins
435 2208 600 2293 Georgius
617 2215 651 2274 et
665 2208 865 2288 Benedictus
882 2209 1001 2276 fratres
1018 2207 1099 2293 eius,
1117 2207 1349 2292 possessiones
1365 2205 1452 2272 Lan·

329 2335 432 2403 gneus
449 2313 507 2382 filii
534 2317 717 2404 Woyuodo,
744 2339 838 2402 quem
867 2323 1042 2402 cognatum
1068 2335 1179 2385 eorum
1205 2315 1308 2384 luisse
1333 2312 1451 2395 dicunt,

329 2425 402 2492 sine
417 2423 539 2492 herede
557 2425 760 2512 decedentis,
777 2426 862 2504 sieut
878 2427 1002 2505 dicitur,
1018 2419 1173 2508 Abraarn,
1185 2425 1287 2491 Batnr
1303 2429 1338 2488 et
1349 2421 1453 2509 Kyno-

329 2533 456 2600 Baturd
470 2539 607 2602 vocatas
624 2534 755 2600 anobis
771 2534 836 2602 sibi
852 2534 926 2602 dari
944 2533 1159 2620 postularunt.
1176 2531 1287 2610 Quare
1304 2529 1453 2599 fidelitati

328 2649 436 2710 vestre
447 2641 660 2728 precipiendo
672 2641 875 2728 mandamus,
894 2649 1055 2726 qnatenus
1071 2641 1388 2710 detistestimonium
1403 2657 1452 2708 re·

330 2757 432 2814 strum
457 2749 623 2837 ydoneum
634 2799 642 2833 ,
669 2771 777 2818 eoram
803 2769 867 2836 qno
886 2750 1001 2819 Leuka
1021 2750 1061 2817 de
1078 2749 1212 2836 Zenyes
1229 2747 1329 2817 homo
1345 2755 1452 2816 noster

330 2854 437 2921 dictas
453 2849 693 2942 possessiones,
712 2860 905 2927 conuocatis
916 2859 1150 2926 commetaneis
1167 2863 1201 2924 et
1216 2857 1335 2925 vicinis
1350 2877 1451 2924 ream-

329 2963 423 3030 bulet
439 2967 472 3028 et
487 2969 611 3032 statuat
627 2964 745 3034 (domiti
761 2965 877 3033 Hudns
893 2973 927 3035 et
943 2968 1012 3034 suis
1027 2956 1184 3034 tratribus
1201 2963 1411 3049 supradictis,
1425 2964 1452 3028 si

331 3089 394 3138 non
410 3069 509 3138 fuerit
525 3073 781 3160 contradictum,
808 3074 1123 3157 contradictoribus,
1144 3075 1173 3140 ti
1189 3074 1245 3157 qni
1262 3071 1395 3158 inerint,
1412 3071 1453 3140 ad

331 3185 478 3248 nostram
494 3182 701 3266 presenciam
720 3183 886 3268 enecatis;
913 3191 1038 3268 etpost
1055 3181 1115 3249 beo
1134 3181 1222 3249 diem
1240 3181 1409 3248 citationis
1424 3185 1455 3246 et

330 3289 502 3356 terminum
527 3291 750 3375 assignatum,
777 3291 912 3359 nomina
937 3293 1111 3360 citatorum
1139 3297 1172 3358 et
1196 3299 1302 3360 rtrum
1317 3289 1455 3356 heedem

331 3397 396 3464 sint
412 3399 654 3482 possessiones,
685 3399 757 3466 sinc
773 3399 897 3468 herede
914 3400 1124 3486 decedentis,
1141 3400 1236 3468 uobis
1252 3397 1395 3465 fideliter
1411 3419 1456 3465 re

330 3505 495 3574 scribatis.
522 3504 644 3574 Datum
670 3509 704 3574 in
728 3505 908 3577 Wereuche
936 3509 1019 3577 feria
1035 3507 1138 3575 tercia
1158 3513 1233 3596 post
1249 3506 1456 3574 Dominicaru

329 3612 527 3682 Palmarnm.

438 3721 509 3792 Nos
525 3719 623 3808 igitur
639 3720 798 3790 mandato
808 3723 970 3807 jussionis
988 3722 1107 3793 Vestra
1122 3721 1328 3811 obedientes,
1346 3729 1383 3791 rt
1397 3724 1454 3792 de·

333 3829 447 3898 bemus
472 3837 507 3898 et
530 3836 678 3898 tenemur
687 3882 696 3916 ,
712 3832 878 3900 bominem
896 3837 1042 3901 nostrum
1057 3833 1162 3901 virum
1179 3830 1356 3919 ydoneum,
1374 3835 1459 3900 biar-

333 3937 452 4004 cellum
477 3937 683 4006 sacerdotem
709 3939 751 4006 de
776 3941 890 4009 Kenea
914 3941 980 4028 ipsi
1005 3939 1129 4008 bomini
1154 3945 1265 4008 vestro
1281 3941 1401 4008 Leuka
1417 3940 1457 4008 dc

333 4047 462 4131 Zenyes
479 4045 631 4117 duximus
648 4047 892 4134 adiungendum
903 4049 949 4118 ad
958 4047 1115 4120 mandata
1124 4056 1236 4119 vestra
1252 4051 1461 4134 exequenda,

333 4155 390 4239 qni
404 4153 450 4221 ad
465 4174 524 4222 nos
539 4157 671 4224 rediens
694 4177 765 4225 cnm
791 4159 906 4226 eodem
923 4159 1018 4226 nobis
1035 4159 1156 4238 retulit,
1173 4159 1261 4242 quod
1274 4157 1371 4244 ipsas
1387 4179 1462 4245 pos-

333 4265 523 4349 sessiones,
550 4267 695 4336 Abraam
720 4266 864 4355 scilicet,
890 4273 993 4338 Batnr
1018 4279 1049 4338 et
1074 4267 1308 4358 Kyns=Batnrd
1323 4277 1463 4338 vocatas
1553 4333 1554 4350 ἶ

333 4371 421 4441 idem
446 4371 544 4441 bomo
570 4383 679 4444 vester
704 4379 764 4444 snb
780 4378 969 4447 testimonio
985 4379 1128 4446 bominis
1144 4375 1248 4445 nostri
1265 4382 1461 4447 conuocatis
1553 4391 1554 4448 1

333 4483 567 4551 commetaneis
584 4491 618 4552 ct
633 4485 762 4572 ricinis,
778 4487 964 4572 nullamque
974 4488 1080 4556 vicem
1096 4486 1201 4574 ipsius
1217 4487 1461 4556 contradictio·

334 4591 386 4658 nis
410 4590 653 4677 proterentibus
666 4644 674 4680 ,
702 4594 941 4664 reambnlasset
967 4603 1000 4663 et
1024 4593 1143 4664 domiti
1168 4593 1302 4684 Hudus,
1319 4597 1462 4680 Briccio,
