3154 5166
124 1161 184 1228 IV
194 1161 310 1228 Laeto
323 1185 344 1226 a
360 1161 504 1228 &meat
519 1162 671 1250 condepek
691 1161 862 1228 toetmere
883 1185 962 1230 aeon
977 1163 1082 1252 capilli
1095 1163 1257 1230 saccudel-

123 1269 245 1353 voulut,
262 1270 342 1358 kopp
358 1295 378 1336 a
395 1270 451 1338 etti
465 1270 577 1338 tultos
592 1271 675 1360 apro
687 1271 900 1358 holmp'ailtert
928 1281 1053 1336 ezerzctt
1067 1273 1189 1358 atlp'olcct
1204 1271 1256 1339 Sa.

127 1377 258 1466 Gyllrpy
285 1380 421 1466 ncpjciip
446 1379 603 1446 eaubcdoo
622 1377 882 1445 tactim-docetote
898 1383 929 1446 6⁸
953 1379 1159 1466 dedicantis,
1175 1402 1254 1467 mep-

573 1487 689 1554 erb'eiti.
713 1488 810 1552 1290.

233 1685 303 1752 Nos
320 1685 495 1754 Ladislaus
514 1683 577 1753 Dei
594 1685 709 1771 gracia
725 1686 797 1754 Rea
813 1687 979 1774 Hungarie
996 1687 1150 1756 memorie
1168 1706 1252 1753 com-

122 1793 320 1864 mendantes
336 1795 566 1880 significamus
583 1795 701 1880 quibus
717 1795 852 1882 expetit
868 1796 1029 1866 voluersis
1045 1797 1250 1882 presencium

122 1921 184 1986 per
209 1909 374 1988 tenorem,
405 1903 494 1986 quod
515 1923 586 1970 cum
603 1905 768 1992 hospitum
786 1913 969 1974 nostrornm
987 1904 1027 1974 de
1044 1905 1200 1974 Deeswar
1216 1905 1252 1971 li·

122 2011 236 2080 berlas
261 2011 455 2096 abantiquo
481 2013 634 2082 instituta
650 2023 682 2081 et
698 2013 851 2082 ordinata
868 2013 900 2080 id
916 2015 1083 2100 requirat,
1101 2022 1133 2078 vt
1150 2015 1248 2098 sales,

123 2139 205 2203 qnos
221 2120 321 2206 ijdem
346 2129 492 2208 tempore
523 2123 649 2212 yemali
664 2143 723 2210 pro
740 2122 839 2192 robus
857 2123 1000 2210 ipsorum
1018 2123 1148 2190 minutis
1164 2143 1250 2190 eom·

122 2229 322 2312 paranerint,
334 2231 377 2298 ab
394 2232 481 2298 omni
499 2229 727 2300 iurisdiccione
739 2237 773 2300 et
789 2237 952 2316 potestate
963 2227 1250 2318 WayuotleTran-

120 2338 243 2406 siluani
260 2345 294 2405 et
303 2340 438 2408 Conciti
456 2341 500 2408 de
510 2341 635 2424 Zonuk,
657 2347 713 2410 ant
730 2339 923 2409 officialium
935 2340 1095 2408 comitum
1114 2338 1250 2408 Camere

122 2453 242 2532 nostre,
254 2468 312 2534 pro
323 2455 471 2534 tempore
486 2451 745 2534 constitutorum,
756 2451 852 2518 liberi
864 2449 930 2516 sint
947 2456 980 2515 et
997 2449 1148 2535 exempti,
1162 2451 1249 2535 ipsos

120 2559 158 2624 in
173 2557 327 2626 libertate
343 2577 466 2643 eorum,
490 2561 683 2644 abantiquo
700 2559 851 2628 instituta
868 2567 902 2628 et
918 2559 1081 2644 ordinata,
1099 2558 1248 2642 dignare-

120 2687 193 2732 mur
219 2685 425 2736 conseruare.
453 2669 521 2734 llos
547 2667 658 2753 itaque
683 2669 879 2758 peticionem
909 2669 1065 2736 dictorum
1083 2667 1248 2753 hospitum

121 2783 306 2843 nostrorum
334 2775 403 2845 lore
419 2778 548 2859 iustam,
575 2783 608 2842 et
635 2778 815 2864 legitimam
834 2798 907 2846 esse
924 2775 1143 2857 attendentes,
1161 2783 1193 2843 et
1210 2775 1248 2839 li·

119 2885 283 2952 bertatem
311 2885 461 2970 primitus
487 2883 613 2953 cistlnm
641 2906 834 2954 concessam
852 2895 885 2954 et
901 2886 1081 2954 ordinatam
1100 2886 1247 2952 immuta·

119 2993 232 3062 biliter
257 2994 483 3080 nuncupantes,
509 2995 683 3063 statuimus
705 3003 738 3062 et
755 2995 990 3078 ordinauimns,
1007 3002 1041 3060 vt
1057 2994 1146 3060 sales
1164 3011 1245 3076 qnos

117 3099 201 3168 dieti
217 3102 365 3188 hospites
382 3101 484 3170 nostri
509 3109 659 3188 tempore
673 3103 795 3189 yemali
823 3122 895 3170 cnm
915 3103 1011 3170 rebus
1028 3103 1169 3188 ipsorum
1187 3102 1244 3166 mi-

119 3209 211 3277 nutis
227 3211 498 3296 comparauerint,
508 3211 552 3277 ab
570 3211 657 3278 omni
674 3210 905 3278 iurisdiceione
922 3217 955 3278 et
970 3215 1134 3297 potestate
1145 3207 1243 3296 Wop-

120 3319 209 3386 node
224 3319 453 3388 'l'ranssiluani
480 3327 512 3385 et
528 3319 664 3388 Comitis
681 3321 721 3386 de
737 3318 872 3402 Zonnk,
899 3324 957 3386 aut
974 3317 1162 3385 officialium
1178 3319 1236 3386 (lo

118 3427 235 3494 mitum
261 3428 397 3496 Camere
422 3449 482 3516 pro
509 3435 653 3514 tempore
680 3428 951 3512 constitutorum,
978 3447 1080 3511 usque
1106 3433 1242 3494 octauas

117 3534 235 3602 Sancti
247 3535 380 3621 Georgij
394 3536 555 3623 martyris,
567 3536 733 3604 uendendi
745 3542 777 3602 et
788 3533 1014 3604 descendendi
1030 3556 1101 3603 cum
1120 3531 1242 3601 eisdem

114 3645 153 3709 in
166 3642 312 3710 curribus
329 3644 623 3712 liberamhabeaut
634 3643 834 3722 facultatem,
851 3665 912 3712 nec
929 3645 1048 3728 aliquis
1059 3638 1241 3730 wayuoda,

116 3758 175 3818 ant
195 3750 343 3820 officialis
355 3752 511 3821 Comitum
523 3751 671 3838 (lamere,
689 3751 822 3822 eosdem
838 3753 970 3822 racione
987 3749 1174 3821 huiusmodi
1190 3769 1241 3818 sa-

116 3861 199 3926 lium
225 3869 393 3946 presumat
418 3863 605 3932 molestare.
636 3860 788 3949 (Dlatum
805 3864 838 3928 in
857 3861 991 3931 Oheenk
1009 3861 1040 3926 in
1060 3858 1142 3928 testo
1161 3861 1240 3926 Pen-

113 3969 306 4055 tecostensi,
323 3989 408 4038 anno
425 3971 556 4038 Domini
571 3969 630 4040 ΜΟ.
650 3971 727 4038 00⁰.
744 3971 970 4056 nonagesimo.

270 4164 416 4238 (Eredetie
429 4164 506 4226 De'zs
521 4165 608 4238 utros
621 4163 830 4226 leveltaraban.
850 4166 933 4222 Stati
944 4167 1071 4236 Kctrotp.)

549 4469 797 4484 w
