3142 5170
516 1009 518 1012 Ι
630 911 709 976 tat.

109 1101 303 1188 Apoaeorcpi
318 1105 472 1192 loriptalun
488 1107 760 1194 bizoayadplcoclo,
771 1109 850 1196 bopy
863 1107 1148 1198 Botboecpczeooyt'
1156 1115 1226 1177 udr-

100 1211 243 1298 jobbdpy
259 1212 356 1276 Zelcuo
372 1219 454 1280 aeoli
468 1216 656 1302 ezolpdldjdt
671 1220 702 1280 ee
718 1217 822 1280 ducale
830 1215 893 1300 fidi
911 1217 986 1280 Pate
1002 1218 1161 1284 ceadwald
1177 1221 1227 1288 bo·

537 1327 678 1389 cadtottu.
705 1325 801 1388 1287.

512 1596 811 1664 ABG

215 1789 385 1862 Uniuersis
404 1792 526 1860 Christi
552 1791 702 1859 fidelibus
728 1798 901 1879 presentes
917 1792 1046 1859 litteras
1060 1789 1223 1878 inspectu-

106 1901 153 1966 ris
171 1900 359 1985 Capitulum
375 1903 524 1970 Ilcclesie
539 1901 770 1983 Posoniensis,
799 1900 933 1968 salutem
959 1901 992 1966 in
1008 1901 1157 1966 Domino.
1175 1898 1226 1965 Ad

106 2011 335 2079 uniuersorum
355 2011 512 2078 noticiam
529 2017 642 2077 tenore
658 2011 864 2096 presencium
876 2011 1024 2078 uolumus
1042 2009 1225 2094 peruenire,

106 2119 195 2200 quod
216 2157 248 2165 -
272 2156 315 2166 -
339 2119 478 2187 Botbow
493 2117 579 2183 filius
595 2117 705 2185 Pausa
722 2119 764 2185 de
780 2121 870 2207 Saap
884 2117 1021 2202 jobagio
1038 2115 1148 2184 Oastri
1163 2117 1223 2184 Po-

105 2226 283 2312 soniensis,
295 2228 490 2295 constitutus
501 2227 717 2312 personaliter
729 2246 835 2294 coram
848 2225 953 2310 nobis,
965 2226 1040 2292 uiue
1054 2225 1146 2292 uocis
1156 2244 1227 2294 ora-

104 2335 181 2400 culo
197 2336 368 2420 proposuit
384 2336 418 2401 in
434 2337 521 2402 hunc
536 2334 684 2421 modnm;
712 2336 799 2420 quod
825 2341 903 2404 oum
913 2334 1047 2402 domina
1063 2353 1147 2400 uxor
1163 2354 1226 2402 sua

102 2442 201 2528 Suug
217 2453 335 2510 uocata
351 2443 420 2510 filia
434 2446 539 2510 Latus
555 2444 622 2509 iam
647 2444 855 2512 decubuisset
872 2444 993 2511 dudum
1011 2445 1044 2510 in
1062 2445 1223 2528 extremis,

102 2548 148 2614 ab
166 2569 225 2632 eo,
251 2551 357 2618 adhuc
383 2572 517 2636 compos
540 2557 573 2618 et
588 2571 669 2620 sane
686 2553 803 2620 mentis
819 2551 1055 2620 instantissime
1070 2551 1227 2636 peciisset

105 2657 142 2722 in
159 2674 222 2724 sua
238 2658 352 2725 ultima
368 2661 547 2743 uoluntate,
566 2665 600 2724 ut
616 2662 778 2743 quandam
795 2660 952 2726 ancillam
967 2659 1071 2744 ipsius
1087 2657 1225 2726 Bothow

101 2765 216 2831 mariti
232 2767 282 2833 sui
298 2765 523 2835 heriditariam
549 2769 660 2837 Zelew
685 2776 836 2838 uocatam
852 2767 953 2834 filiam
968 2765 1105 2852 Theke,
1130 2765 1226 2834 simul

104 2893 182 2938 cnm
208 2873 275 2940 lilio
292 2893 350 2942 suo
365 2875 471 2942 Paulo
489 2883 617 2958 uocato,
634 2887 701 2942 tum
726 2897 784 2963 pro
802 2896 860 2961 eo,
878 2882 953 2960 quia
968 2873 1224 2959 requisicionem

98 2979 191 3045 dotis
202 2998 270 3064 sue,
281 2981 526 3050 ctdotalicieac
538 3002 643 3048 rerum
655 3001 768 3050 secum
779 2982 1149 3070 apportatarumeidem
1166 2983 1226 3050 Bo·

97 3088 193 3158 thow
203 3090 320 3156 marito
331 3111 388 3158 sno
398 3111 477 3178 pure
488 3100 520 3157 et
530 3092 720 3178 simpliciter
732 3094 926 3176 relaxasset,
939 3097 1007 3158 tum
1020 3091 1138 3175 eciam,
1149 3094 1226 3176 quia

98 3196 270 3282 quendam
293 3221 421 3268 seruum
442 3223 535 3269 suum
555 3211 700 3288 tempore
720 3203 921 3270 tradicionis
948 3221 1005 3268 sue
1023 3199 1229 3268 secumaddu

97 3307 330 3396 ctum,(quem)
337 3311 563 3378 manumittere
572 3311 834 3394 intendebatpro
847 3311 1017 3376 communi
1028 3307 1227 3376 necessitate

99 3415 346 3512 uendidisseut‚
363 3439 449 3485 nunc
466 3417 508 3485 ob
525 3416 701 3487 remedium
727 3420 834 3484 anime
858 3437 919 3483 suc
935 3419 1161 3483 manumittere
1178 3415 1226 3483 di·

97 3534 273 3612 gnaretnr.
300 3525 424 3594 Voleus
449 3527 660 3611 igituridem
688 3527 804 3595 eones
820 3524 959 3594 Bothow
989 3543 1127 3611 superne
1142 3525 1224 3611 peti-

96 3635 191 3702 cioni
217 3637 366 3722 predicte
391 3639 501 3704 uxoris
522 3655 579 3704 suc
595 3635 809 3721 satisfacere,
826 3635 1008 3718 coniugalis
1025 3631 1223 3724 matrimonij

92 3743 316 3811 dileccionem
333 3744 379 3812 ad
396 3743 584 3812 memoriam
610 3742 812 3826 reuocando,
836 3749 868 3812 et
884 3742 985 3810 saluti
1005 3741 1151 3810 eiusdem
1166 3760 1224 3825 per

93 3852 291 3920 huiusmodi
315 3854 581 3924 manumissionis
608 3860 806 3920 contractum
833 3851 1011 3920 sulubriter
1042 3849 1223 3934 prouidere,

92 3959 271 4047 prefatam
297 3963 424 4048 Zelew,
452 3969 485 4028 et
508 3961 609 4027 filium
627 3981 718 4026 suum
735 3961 870 4026 Paulum
888 3959 1103 4046 personaliter
1117 3959 1151 4025 in
1167 3980 1224 4025 no·

93 4072 165 4138 stri
182 4071 357 4156 presencia
374 4071 579 4154 constitutos,
595 4069 701 4136 dictus
719 4070 835 4136 (lomes
850 4070 986 4136 Bothow
1002 4087 1111 4134 coram
1128 4067 1223 4136 nobis

90 4177 273 4248 uoluntate
297 4184 482 4263 spontanua
503 4177 708 4262 manumisit,
736 4175 891 4261 donauit,
908 4175 1019 4262 dedit,
1037 4181 1070 4241 et
1087 4177 1222 4244 eontulit

89 4307 159 4356 eos
174 4293 334 4374 perpetue
349 4285 511 4372 libertati,
537 4287 584 4352 ita
608 4284 694 4369 quod
719 4283 869 4353 decatero
893 4285 957 4372 ipsi
972 4285 1028 4351 uel
1043 4283 1085 4349 ab
1101 4283 1150 4351 eis
1167 4284 1223 4350 de·

87 4395 310 4480 scendeutes,
327 4394 372 4462 ad
387 4396 492 4479 ipsum
504 4395 663 4463 (tomitem
679 4393 824 4480 Bothow,
835 4395 889 4460 uel
904 4395 947 4461 ad
964 4393 1106 4474 aliquem
1121 4391 1221 4460 alium

88 4505 142 4571 de
162 4504 363 4590 cognacione
374 4523 435 4570 sua
446 4503 569 4570 nullius
585 4503 805 4569 obnoxietatis
822 4501 1064 4574 necessitudine
1080 4501 1223 4576 debeant

93 4607 293 4696 pertinere;
309 4611 369 4680 sed
384 4601 538 4695 tanquam
564 4604 677 4678 natiue
692 4609 854 4679 libertatis
871 4630 910 4678 ac
926 4602 1138 4696 ingenuitatis
1155 4599 1220 4694 priss

163 4721 583 4778 aorunuunonrsnnmn-e.
807 4711 810 4716 “
868 4709 893 4718 ”
1024 4707 1049 4733 ’·
1071 4715 1117 4784 20
1141 4709 1145 4715 ’
1188 4709 1222 4732 ’“
