3154 5166
813 303 966 406 „ars-

329 501 479 572 subiecta
488 553 498 588 ,
515 501 667 584 Austris,
684 501 811 590 Styrie,
829 501 1008 584 Garintbie,
1023 500 1181 569 comante
1197 505 1230 568 et
1245 503 1354 571 Bosne
1371 521 1460 590 par-

329 609 428 694 tibus,
445 618 603 696 tanquam
619 611 713 695 pacis
729 612 884 696 angelum
908 610 1131 695 destinamus,
1150 609 1213 678 sibi
1228 631 1287 696 per
1301 611 1386 678 alias
1401 611 1460 678 lit·

330 725 420 788 teras
437 726 568 788 nostras
584 719 747 802 iniuncto,
765 726 800 785 ut
816 720 846 786 si
862 718 1017 800 Tartari,
1034 719 1229 802 Sarraceni,
1245 720 1403 806 Neugerii
1421 729 1460 788 et

329 830 456 918 pagani
472 827 593 914 prelati
608 847 687 896 suos
704 834 839 896 conatus
854 828 1032 916 nepharios
1043 833 1159 905 contre
1180 825 1256 895 lidei
1267 829 1458 896 orthodoxe

331 937 473 1004 cultores
500 956 653 1006 exercere
678 937 956 1025 presumpserint,
982 956 1024 1002 ue
1049 938 1193 1023 ipsorum
1220 934 1397 1004 crudelitas
1419 937 1459 1003 in

331 1043 477 1112 eiusdem
502 1045 581 1113 fidei
608 1045 815 1131 dispendium
846 1043 1041 1129 invalescat,
1067 1043 1226 1113 adversus
1247 1064 1304 1114 eos
1320 1051 1351 1111 et
1367 1044 1460 1113 alios

331 1153 528 1224 adherentes
546 1154 692 1240 eisdem,
713 1157 765 1223 vel
782 1156 873 1240 ipsos
889 1154 923 1219 in
939 1154 1004 1222 biis
1020 1153 1266 1238 quomodolibet
1280 1152 1461 1220 confoven-

332 1268 394 1345 tes,
411 1265 641 1348 cuiuscumque
657 1264 893 1350 preminentis,
910 1262 1102 1348 dignitatis,
1120 1267 1228 1329 status
1245 1269 1303 1328 aut
1317 1261 1459 1328 conditi·

336 1372 408 1440 onis
434 1367 620 1454 extiterint,
646 1388 687 1437 ae
711 1370 810 1438 etiarn
837 1377 951 1437 eontra
976 1370 1158 1454 hereticos,
1186 1371 1241 1454 qui
1257 1369 1299 1437 de
1315 1369 1462 1438 diversis

304 1555 308 1565 ,
331 1479 443 1550 mundi
459 1477 607 1563 partibus
623 1479 655 1545 in
673 1479 838 1546 nonnullis
854 1479 937 1546 loeis
952 1497 1012 1547 sua
1028 1478 1187 1562 legationi
1204 1478 1386 1563 Jsubiectis,
1411 1481 1461 1546 si·

273 1655 275 1660 .
331 1595 386 1656 cut
401 1588 571 1671 asseritur,
587 1595 817 1670 convenerunt,
847 1587 997 1654 omnibus
1014 1585 1135 1655 Christi
1150 1586 1301 1656 fidelibus
1317 1606 1377 1674 per
1393 1590 1458 1655 Be-

331 1717 432 1785 gnum
449 1695 595 1779 Ungarie
622 1696 846 1784 supradictum
872 1717 911 1762 ac
938 1697 1024 1764 alias
1048 1696 1135 1762 dicte
1150 1695 1325 1778 legationis
1341 1703 1461 1780 partes

330 1825 389 1894 per
404 1825 450 1888 se,
466 1807 519 1873 vel
536 1825 596 1890 per
613 1807 714 1873 alium
730 1823 789 1872 seu
805 1805 891 1872 alios
908 1804 1042 1872 verbum
1060 1803 1165 1870 crucis
1181 1804 1321 1872 sollicite
1336 1823 1460 1888 propo·

331 1933 410 1982 nero
425 1913 579 1996 studeat,
605 1919 638 1980 et
663 1913 708 1980 ad
724 1933 797 1980 eam
813 1913 973 1998 promptis
989 1914 1109 1980 animis
1125 1911 1356 1980 assumendam
1373 1911 1460 1979 cbri-

333 2023 475 2090 stianum
492 2021 649 2109 populum
666 2022 841 2089 exhortari.
859 2023 1026 2106 Rogamus
1043 2022 1154 2104 itaque
1179 2021 1388 2088 nobilitatem
1404 2040 1462 2085 ve-

333 2139 436 2199 stram
461 2137 495 2198 et
518 2129 686 2196 hortamur
711 2131 745 2196 in
770 2129 837 2196 lilio
855 2131 918 2198 Dei
943 2131 1045 2218 patris
1071 2134 1106 2198 in
1123 2127 1346 2198 remissionem
1362 2127 1462 2196 vobis

331 2244 544 2325 peccatorum
568 2237 796 2324 iniungentes,
823 2246 982 2323 quatenus
1009 2239 1161 2324 diligenti
1179 2237 1394 2304 meditatione
1409 2257 1461 2304 re·

334 2348 532 2432 cogitantes,
549 2347 637 2431 quod
653 2367 712 2433 per
728 2349 790 2415 boc
806 2349 1099 2434 possethtbolice
1115 2347 1191 2414 fidei
1207 2367 1274 2414 non
1289 2347 1458 2414 modicum

334 2455 495 2540 deperire,
511 2461 625 2522 contra
640 2455 808 2538 Tartaros,
826 2457 1042 2540 Sarracenos,
1052 2457 1235 2541 Neugerios
1252 2461 1285 2521 et
1301 2470 1457 2540 paganos

334 2562 469 2632 eosdem
478 2562 608 2648 prefato
620 2563 784 2650 Episcopo
794 2583 851 2650 pro
864 2563 984 2632 Divina
996 2571 1028 2629 et
1038 2564 1228 2650 Apostolice
1240 2563 1337 2632 Sedis
1348 2584 1390 2630 ao
1402 2583 1461 2628 no-

334 2679 405 2740 stra
420 2675 616 2758 reverentia,
628 2673 881 2759 cumsuperboe
892 2675 1011 2742 etaliis
1023 2674 1121 2739 etiam
1138 2691 1196 2740 sue
1213 2674 1394 2758 legationis
1405 2692 1461 2739 ue·

334 2781 433 2866 gotiis
449 2785 595 2865 exparte
610 2781 714 2868 ipsius
724 2781 881 2866 Episcopi
892 2781 1067 2865 contigerit
1078 2801 1137 2849 vos
1147 2781 1277 2866 requiri,
1289 2781 1461 2862 assistere,

334 2887 494 2956 studeatis
511 2888 670 2972 consiliis,
686 2889 820 2956 auxiliis
836 2897 868 2956 et
884 2889 1053 2958 favoribus
1070 2890 1260 2974 oportunis,
1276 2889 1459 2958 utiliorum

335 2996 521 3082 dampnatis
538 3003 571 3062 et
584 2997 785 3080 repressatis
812 2997 975 3066 erroribus
1001 3005 1035 3062 et
1050 2999 1162 3084 pravis
1178 2999 1352 3067 conatibus
1369 3000 1461 3084 peni-

333 3113 386 3172 tus
403 3105 554 3172 vacuatis
563 3155 572 3188 ,
590 3106 685 3172 vobis
702 3104 820 3171 exinde
836 3125 877 3172 ex
895 3107 964 3173 alto
981 3107 1156 3191 proveniat
1171 3108 1354 3192 premium,
1372 3109 1462 3192 quod

334 3231 394 3299 pro
421 3212 485 3298 piis
503 3213 632 3279 actibus
649 3221 898 3298 compensatur,
924 3231 1051 3295 uosque
1078 3213 1287 3282 devotionem
1314 3223 1462 3284 vestram

335 3320 489 3388 uberibus
506 3321 539 3387 in
555 3321 695 3389 Domino
711 3321 862 3388 laudibus
879 3323 1065 3390 attolamus.
1091 3320 1213 3391 Datum
1230 3323 1321 3408 apud
1337 3324 1461 3393 Urbem

336 3431 487 3498 Veterem
497 3427 539 3494 X.
556 3427 723 3496 kalendas
738 3429 888 3512 Augusti.
900 3429 1114 3497 Pontificatus
1130 3431 1234 3500 nostri
1250 3451 1338 3498 auno
1354 3434 1462 3498 tertio.

441 3538 466 3606 l.
484 3557 513 3604 e.
530 3557 571 3603 ιιι.
588 3537 690 3604 nobili
706 3538 776 3605 viro
792 3537 933 3608 Nicolao
958 3548 1037 3606 nato
1054 3539 1219 3622 quondam
1235 3540 1384 3608 Mauritii
1401 3539 1462 3607 Oo-

334 3646 434 3713 mitis.

441 3755 467 3821 1.
484 3775 512 3822 e.
538 3777 580 3822 m.
608 3755 711 3823 nobili
738 3755 808 3824 viro
824 3757 1001 3842 Hugunino
1025 3763 1103 3824 nato
1130 3757 1298 3842 quondam
1324 3757 1464 3828 (domitis

333 3863 448 3932 Panse.

441 3973 468 4038 1.
485 3991 514 4039 o.
531 3991 572 4038 m.
588 3973 691 4040 nobili
709 3973 779 4041 viro
796 3971 913 4042 Conciti
930 3971 1095 4042 (lauduno.

423 4169 484 4238 pv.
499 4167 605 4225 ιιιιιιι
618 4165 696 4244 papa
711 4169 906 4243 aegestatem,
920 4171 1046 4228 succes
1059 4171 1095 4227 ιι.
1111 4137 1147 4228 ιι.
1162 4171 1183 4228 1.
1197 4172 1257 4228 ιιι.
1270 4171 1333 4228 ass.
1347 4170 1377 4243 r.)

778 4467 1020 4489 ·.·-·-·-·---·--·-
