3142 5164
611 365 757 466 *aaa*

120 583 238 632 munes
264 563 495 646 relinquerunt.
524 561 764 647 obligaverunt
779 583 815 630 se
832 561 991 648 predicti,
1009 565 1064 648 qui
1085 585 1238 654 persona-

120 671 197 737 liter
210 671 410 738 adstiterunt
421 689 532 737 coram
550 668 644 738 uobis
662 689 720 755 pro
737 690 774 738 se
791 671 885 758 ipsis,
904 676 937 738 et
955 671 1086 758 prehis,
1104 693 1164 762 pre
1175 673 1244 758 qei-

117 778 180 845 bus
197 779 413 864 adstiterunt,
443 787 478 844 ut
500 779 527 848 si
545 799 608 862 que
632 780 779 863 parcium
807 780 895 847 haue
922 777 1120 848 divisionem
1145 779 1245 850 veliet

116 887 318 971 infringere,
344 906 403 954 sex
420 907 547 954 marcas
565 886 695 972 argenti
721 895 798 954 ante
815 888 908 954 litem
925 888 1053 956 solvere
1077 893 1243 956 teneretur

113 997 220 1078 parti,
246 1015 309 1078 que
335 993 518 1078 predictam
546 994 745 1062 divisionem
768 1002 894 1060 teneret
917 1001 949 1062 et
974 1001 1174 1082 acceptaret.
1201 997 1245 1063 Vt

115 1103 215 1186 igitur
232 1102 293 1170 hec
311 1101 429 1171 divisio
446 1103 610 1170 stabiliter
626 1104 910 1190 perseveretinter
930 1109 1041 1189 partes
1054 1109 1239 1190 presentes,

117 1213 150 1277 in
167 1210 390 1284 testimonium
417 1210 640 1278 concessimus
665 1211 766 1296 sigilli
782 1212 883 1278 nostri
909 1212 1091 1278 munimine
1109 1211 1243 1278 robora·

113 1327 177 1385 tas.
205 1319 325 1385 Datum
353 1327 385 1386 et
411 1326 521 1384 aetram
546 1337 632 1384 anno
649 1319 779 1386 Domini
797 1320 846 1384 Mo
863 1318 934 1386 00⁰
955 1319 1066 1385 LXX⁰
1083 1317 1238 1386 seeundo.

115 1510 283 1583 (Ildrtydn,
307 1532 325 1568 a
347 1509 447 1582 pecsdt
461 1509 610 1583 lridoyzik,
625 1511 660 1568 de
674 1517 759 1568 vitriis
773 1513 839 1567 zo'ld
853 1515 964 1584 selyem
979 1513 1097 1568 asinora
1112 1531 1244 1584 megvan.

114 1603 140 1658 Α
163 1603 254 1658 lontdi
276 1601 518 1674 loaoirtolossdg
538 1601 747 1659 loudltairdban.
763 1602 860 1674 Capsa
875 1603 909 1657 A.
924 1604 1006 1660 Fasc.
1020 1603 1042 1656 Ι.
1055 1602 1104 1658 Nr.
1118 1606 1143 1657 2.
1159 1603 1243 1658 tiocli

522 1695 669 1760 Rakee'ukp
683 1697 768 1748 Istud-r
782 1691 838 1763 1'11'.)

549 1981 634 1988 -—-—-.

642 2517 712 2584 154.

109 2729 143 2795 A
167 2730 308 2817 spalatot'
329 2735 454 2820 papadp
479 2733 583 2799 Jitaos
607 2732 693 2796 eraclo
718 2733 797 2797 elien
807 2730 993 2818 felebbezc'ot
1010 2733 1089 2797 irrisu
1106 2755 1127 2794 cc
1139 2734 1241 2818 Pdpd·

582 2839 648 2906 leoz.
678 2842 775 2905 1282.

219 3031 259 3099 In
285 3035 417 3105 nomine
442 3035 575 3101 Domini
601 3036 703 3104 eterni
730 3037 846 3102 Arnen.
872 3036 981 3105 Anno·
996 3039 1237 3105 iucarnationis

106 3141 260 3210 eiusdem
294 3143 469 3210 millesimo
494 3144 719 3210 ducentesimo
745 3144 968 3230 octuagesimo
994 3145 1161 3230 secundo,
1187 3147 1232 3211 in-

105 3249 263 3318 diccione
280 3249 429 3337 decima,
447 3253 499 3317 die
515 3253 617 3319 tercio
636 3253 776 3317 intrante
792 3252 883 3318 Julii.
910 3255 1081 3334 Regoautc
1098 3252 1238 3318 Domino

104 3365 226 3426 nostro
245 3357 409 3441 Ladislso,
429 3359 648 3454 Serenissimo
664 3360 756 3444 Rege
772 3357 940 3443 Ungarie;
963 3361 1165 3442 temporibus
1182 3360 1239 3426 do·

103 3467 191 3532 mini
208 3465 382 3551 lobannis,
399 3469 599 3536 venerabilis
616 3467 824 3553 Spalatensis
841 3467 1102 3552 archiepiscopi,
1118 3465 1241 3533 domini

102 3573 283 3641 Mladenui
299 3575 473 3661 Stepconis
490 3576 532 3642 de
550 3575 714 3660 Briberio,
731 3575 840 3641 Incliti
858 3575 1012 3658 Comitis,
1030 3573 1154 3641 domini
1171 3573 1237 3640 viti

99 3683 210 3751 Zerni
226 3683 338 3766 Merge
356 3685 397 3750 de
413 3683 536 3749 ludera
554 3683 679 3767 egregii
697 3681 897 3766 Facutalis,
924 3682 1026 3748 Joseb
1044 3683 1149 3766 Petri,
1175 3685 1241 3749 Ma-

101 3793 158 3878 dij
176 3792 295 3874 Micia,
312 3791 476 3859 Johannis
500 3791 643 3858 Dabrali
658 3789 822 3858 Judicnm.
838 3791 997 3858 Dominus
1023 3789 1159 3856 Duimus
1176 3791 1235 3858 Ar·

99 3901 326 3970 chidiaconus
344 3911 376 3968 et
401 3900 545 3966 sindicus
560 3899 706 3986 Capituli
722 3900 943 3984 spalatensis,
961 3907 993 3964 et
1010 3900 1115 3983 ipsum
1132 3898 1230 3984 (iapi-

95 4009 215 4078 tnlnm
231 4009 439 4092 universum,
466 4030 507 4077 ac
533 4008 681 4077 dominns
709 4007 872 4092 Georgius
899 4007 1013 4074 Abbcs
1041 4005 1232 4075 Monssterii

94 4114 223 4184 Sancti
238 4114 409 4199 Stephani,
422 4121 456 4181 et
471 4115 622 4184 dominus
637 4113 782 4182 Alterius
798 4113 912 4182 Abbas
930 4112 1053 4182 Sancte
1069 4115 1175 4182 llario
1190 4115 1232 4182 de

93 4223 217 4302 Solta,
234 4229 268 4288 et
283 4224 417 4290 domina
442 4223 547 4292 Stana
572 4223 753 4292 Abbatissa
778 4223 970 4290 Monasterli
996 4223 1109 4292 Sancti
1134 4225 1238 4291 Beue·

93 4330 200 4416 dicti,
228 4336 261 4398 et
277 4329 453 4417 Capellani
470 4353 511 4400 ac
527 4333 700 4400 universus
717 4331 832 4400 Olerus
859 4331 1011 4400 Ciuitatis
1028 4330 1157 4419 Spaleti
1171 4352 1237 4398 om·

91 4460 168 4508 nes
187 4442 386 4508 unanimiter
401 4440 514 4510 taliter
530 4440 564 4507 in
581 4439 713 4525 scriptis
729 4460 751 4505 a
776 4438 926 4524 predicto
953 4439 1086 4507 domino
1102 4438 1236 4507 Anchie-

91 4551 251 4638 piscopo
283 4549 517 4634 appellandum
550 4549 724 4616 duxerunt.
756 4547 824 4614 Nes
851 4547 988 4616 Duimus
1023 4545 1237 4616 Archidiaco·

91 4676 171 4726 nus
198 4663 231 4721 et
257 4656 405 4724 sindicus
431 4655 576 4742 Capituli
602 4653 747 4741 predicti
772 4661 804 4722 et
828 4655 1013 4722 uuiversum
1043 4653 1238 4738 Capitulum,
