3156 5158
607 295 766 400 „3⁹-

123 501 212 568 oolao
228 499 390 584 Magistro
406 496 648 583 Dapiferorum,
663 495 821 582 Obepano
838 496 997 582 llsgistro
1013 495 1247 564 Pincernarum

123 609 217 675 Petro
233 607 394 690 Magistro
419 607 611 689 Aganonum
626 611 831 690 nostrorum,
857 604 1007 691 Philippo
1034 603 1160 673 Oomite
1185 607 1246 675 (la-
1371 615 1376 620 “

123 714 292 803 strisenei,
310 715 422 785 chuz
438 714 565 784 (lomlte
581 715 792 802 Zaladiensi,
809 715 905 801 Tyba
930 714 1054 782 Gemite
1079 713 1249 802 Tolnensi,

123 825 298 892 Salomone
324 824 450 893 Gemite
477 825 625 909 Albensi,
643 832 675 892 et
689 825 777 900 ,aliis
804 825 1053 910 quampluribus
1069 822 1248 893 Comitatus

122 933 226 1018 Regni
242 935 434 1002 tenentibus
451 938 486 1000 et
501 933 651 1002 bonores.

122 1127 181 1202 (Gr.
194 1125 357 1201 Sacchenyi
370 1129 499 1186 Fercncs
512 1127 635 1186 kenirati
657 1127 915 1202 gylljtemenyebbl
928 1147 946 1184 a
959 1129 1089 1188 Nemaeti
1102 1129 1247 1185 Muneum·

206 1219 277 1284 ban,
289 1219 312 1274 1.
326 1219 355 1274 k.
368 1219 412 1274 64.
426 1237 464 1274 sn.
478 1237 506 1276 a.
520 1217 554 1275 V.
569 1225 595 1276 o.
608 1217 695 1291 Fejer
708 1217 778 1275 eoo.
790 1218 871 1292 Dipl.
883 1217 919 1276 V.
934 1219 964 1276 k.
977 1220 1004 1276 2.
1016 1238 1037 1275 r.
1051 1218 1111 1274 1⁵14.
1124 1216 1158 1291 1.)

578 1519 794 1532 ——fi-—m—

659 2070 713 2137 18.

116 2271 135 2333 Ι
140 2270 175 2334 V.
193 2270 357 2335 Ldealoaz
372 2270 458 2335 oleoli
470 2270 676 2353 nemeackcelr,
692 2293 714 2335 a
730 2267 855 2334 Hence
873 2245 1094 2358 bdopczsocyc'
1108 2267 1187 2357 prof
1198 2272 1246 2337 ot-

116 2379 161 2442 ἰαὶ
168 2377 361 2464 jeptalortal
378 2376 526 2463 lefoptclt
542 2376 694 2464 sintperp
711 2379 741 2441 es
761 2377 869 2444 Osttrle
886 2377 1063 2444 birtolcolcat
1079 2377 1157 2444 tacti
1181 2381 1245 2444 ert·

422 2488 517 2574 nycik
533 2488 625 2551 miott
640 2487 834 2574 ciaszaadja.
851 2487 947 2553 1274.
1060 2481 1062 2486 ’

229 2682 405 2752 Ladizlaus
423 2684 486 2752 Dei
505 2685 623 2768 gracia
648 2683 834 2770 Hunparie,
860 2682 1049 2766 Dalmacie,
1076 2681 1244 2766 Groueuic,

110 2798 221 2862 llame
235 2842 244 2875 ‚
260 2795 376 2862 Seruio
386 2845 396 2878 ,
414 2792 575 2875 Gallicis,
593 2795 807 2876 Lodomerie,
824 2793 1004 2871 Cumanis,
1028 2793 1246 2876 Balgarieque

110 2905 184 2970 Rex
201 2903 372 2971 uniuersis
389 2902 510 2970 Christi
525 2902 677 2971 fidelibus
702 2922 840 2990 presens
866 2902 1023 2987 scriptum
1048 2899 1245 2988 inapebturis

109 3013 262 3080 salutem
277 3010 310 3077 in
327 3011 468 3079 Domino
494 3013 736 3098 sempiternam.
762 3013 813 3078 Ad
838 3009 1064 3078 uniuersorum
1089 3009 1245 3079 noticiam

108 3129 231 3189 tenore
249 3123 453 3207 presencium
469 3121 620 3189 volumus
631 3123 811 3206 peruenire,
830 3121 919 3203 quod
933 3119 1111 3210 lohannes,
1127 3121 1245 3188 Petrus

107 3239 141 3297 et
157 3231 291 3298 Paulus
307 3229 365 3314 filij
384 3229 574 3307 Benedicti;
592 3231 667 3296 item
685 3229 873 3315 Stephanus
889 3239 922 3296 et
937 3229 1091 3296 Nicoluus
1105 3225 1163 3313 filij
1181 3231 1244 3296 Re·

107 3339 171 3406 cba
190 3336 367 3424 (Rechee),
392 3338 520 3405 nobiles
547 3339 588 3406 de
607 3336 716 3426 Olsoly
733 3339 774 3405 de
791 3338 955 3406 Comitatu
981 3337 1175 3406 Posoniensi
1200 3335 1245 3403 ad

104 3455 265 3516 nostram
281 3446 479 3514 accedentes
489 3451 696 3532 presenciam
707 3445 804 3514 nobis
816 3447 995 3528 retulerunt
1006 3445 1244 3528 conquerendo,

103 3555 196 3640 quod
213 3554 377 3622 [letricus
395 3553 573 3640 (Henrilrus
590 3553 869 3642 mindannyiszor)
891 3555 1004 3622 Bonus
1020 3555 1166 3620 existens
1182 3554 1245 3622 (lo-

103 3684 174 3733 mes
193 3662 425 3748 Poscniensis,
438 3672 584 3745 tempore
597 3664 721 3731 domini
736 3665 826 3748 Bele,
839 3661 944 3730 Incliti
955 3663 1055 3746 Regis
1065 3662 1243 3748 Hungarie,

101 3773 284 3840 karissimi
310 3774 365 3838 aui
390 3776 492 3840 nostri
515 3774 614 3840 beate
631 3771 803 3855 memorie,
831 3770 990 3856 quasdam
1015 3771 1244 3855 possessiones

101 3884 266 3970 ipsorum
283 3880 502 3948 hereditarias
519 3881 623 3964 Dede,
640 3883 818 3967 Stephani,
836 3878 923 3950 Petri
940 3887 973 3948 et
994 3882 1090 3948 Pauli
1106 3879 1244 3946 filiorum

99 3995 204 4078 Petri,
225 4011 273 4058 ac
288 3991 400 4076 Egidij
418 3990 477 4075 filij
490 3989 590 4057 Walk
613 3993 879 4076 cognoscerem,
906 3991 1059 4075 Simparg
1076 3995 1108 4057 et
1123 3989 1244 4058 Oburle
1298 4006 1302 4022 ¹

98 4112 252 4171 vocatas
272 4102 306 4166 in
324 4098 485 4168 comitatu
513 4100 708 4168 Posonicnsi
724 4100 922 4184 existentes,
939 4119 1010 4166 cum
1026 4099 1146 4168 tributo
1174 4099 1243 4168 vini

96 4221 130 4278 et
148 4211 321 4280 omnibus
338 4210 534 4276 utilitatibus
551 4229 591 4276 ac
608 4211 820 4296 pertinencijs
836 4211 916 4292 suis,
927 4210 1059 4278 racione
1075 4209 1243 4277 cuiusdam

93 4321 233 4389 Metbie
254 4321 391 4404 cognati
407 4319 560 4405 ipsorum,
577 4317 633 4402 qui
650 4319 684 4386 iu
701 4318 810 4386 duello
827 4320 1052 4400 succubuerat,
1073 4316 1243 4404 potencia-

93 4431 172 4498 liter
190 4438 232 4496 ct
252 4435 372 4496 contra
382 4427 545 4494 iusticiam
561 4433 759 4511 occupasset
769 4433 801 4492 et
817 4426 1011 4496 detinuisset
1028 4424 1174 4493 indebite
1190 4443 1242 4492 oc·

92 4548 291 4627 cupatarn3
310 4556 393 4619 quas
409 4537 604 4605 karissimus
619 4541 715 4623 pater
732 4542 842 4604 noster
858 4533 1084 4622 (Stephanus),
1100 4533 1242 4602 Illustris

92 4652 167 4718 Rex
186 4645 377 4728 Hungarie
393 4643 499 4712 felicis
521 4643 782 4732 recordacionis,
811 4665 851 4714 eo
875 4652 1041 4731 tempore,
1064 4663 1128 4728 quo
1153 4642 1240 4712 idem
