3116 5166
129 1007 168 1092 9)
185 1011 251 1075 111.
269 1009 387 1078 ustos
395 1016 486 1100 pdpa
502 1035 523 1077 a
538 1013 643 1102 sulm
652 1015 780 1103 pttsp'o'lt
804 1017 836 1082 ds
850 1019 987 1106 apostoli
1003 1020 1091 1088 tosa
1117 1023 1261 1090 biritold-

133 1119 190 1183 ben
202 1117 272 1184 leod
280 1120 520 1206 oppidaiakrrole
538 1123 728 1212 mepeupedi,
740 1123 820 1212 bopy
836 1127 1055 1213 maersoptmk
1070 1129 1153 1216 idtp'e
1178 1131 1261 1198 adult

412 1228 523 1296 render
530 1231 773 1317 jdoedelmeiket
797 1231 986 1300 losbarros.

241 1423 398 1493 Nicolaus
423 1426 607 1516 Episcopus
642 1448 758 1498 seruus
792 1449 962 1500 seruorum
988 1433 1053 1502 Dei
1078 1435 1263 1506 venerabili

127 1530 226 1599 fratri
252 1535 406 1624 Philippo
432 1537 598 1626 Episcopo
624 1537 792 1627 Firmano,
814 1543 1005 1628 Apostolioe
1021 1541 1120 1612 Sedis
1135 1543 1262 1631 Legato

127 1639 272 1709 salutem
298 1651 332 1711 et
346 1645 570 1732 Apostolioam
597 1647 869 1717 benedictionem.
897 1649 978 1717 Cum
995 1658 1028 1718 te
1044 1653 1089 1720 ad
1104 1651 1262 1740 Ungarie,

129 1749 271 1818 Polonie
280 1803 289 1838 ,
307 1751 473 1822 Dalmatio
483 1805 492 1840 ,
510 1757 643 1826 Oroatis
653 1806 663 1843 ,
679 1759 783 1826 Reme
793 1809 802 1844 ‚
822 1759 957 1846 Seruio,
975 1757 1179 1845 Lodomerie,
1198 1761 1262 1830 Ga-

132 1853 206 1924 litie
223 1867 256 1926 et
282 1861 439 1930 cumanis
465 1870 589 1948 partes,
605 1865 665 1931 tibi
682 1865 856 1935 commisso
872 1867 956 1934 inibi
972 1869 1148 1953 legationis
1164 1869 1264 1956 plene

133 1967 253 2054 officio,
279 1991 338 2056 pro
364 1969 476 2040 arduis
502 1973 645 2058 negotiis
671 1971 884 2060 destinemus,
897 1977 1097 2055 auetoritate
1114 1977 1173 2046 tibi
1189 1997 1263 2065 pre·

130 2080 274 2146 sentium
300 2078 529 2168 indulgemus,
554 2089 590 2150 ut
616 2082 726 2149 elerici
744 2085 801 2170 tui,
818 2085 873 2168 qui
889 2091 997 2152 teoum
1014 2104 1139 2152 morem
1154 2093 1261 2154 traxe-

129 2189 195 2254 rint
220 2187 407 2258 huiusmodi
433 2190 600 2276 legatione
627 2191 778 2270 durante,
805 2190 857 2258 rel
876 2191 958 2260 alibi
975 2193 1017 2260 de
1034 2190 1187 2262 mandato
1205 2199 1262 2260 tuo

128 2294 356 2364 laboraverint
380 2318 440 2384 pro
466 2299 609 2384 negotiis
636 2298 696 2366 tibi
722 2301 918 2383 commissis,
944 2305 1125 2387 prouentus
1141 2301 1262 2371 benefi-

129 2406 265 2489 oiorum,
283 2395 480 2492 dignitatum
497 2415 529 2474 et
544 2413 777 2494 personatuum
793 2427 935 2493 suorum,
953 2407 1130 2476 cotidianis
1148 2409 1257 2477 distri-

129 2513 320 2581 butionibus
348 2515 521 2584 dumtaxat
538 2514 699 2601 exeeptis,
717 2534 788 2582 eum
805 2535 846 2582 ea
871 2516 1063 2602 integritate
1087 2517 1261 2604 percipere

130 2624 282 2706 valeant,
298 2641 369 2690 oum
386 2644 452 2708 qna
468 2624 544 2692 illos
561 2623 776 2708 perciperent,
790 2621 819 2690 si
844 2622 1062 2708 personaliter
1088 2623 1122 2690 in
1148 2623 1261 2692 Eoole·

128 2731 199 2806 siis,
226 2731 259 2796 in
286 2731 404 2814 quibus
430 2731 617 2818 dignitates,
644 2737 841 2818 personatus
859 2738 891 2800 et
909 2731 1068 2800 beneficia
1083 2731 1159 2818 ipsa
1176 2733 1257 2802 obti-

129 2843 220 2923 nent,
248 2839 441 2908 residerent.
467 2841 541 2908 Non
569 2839 776 2907 obstantibus
794 2841 968 2909 contrariis
984 2841 1133 2926 ipsarum
1150 2839 1261 2910 Euole-

131 2947 256 3014 siarum
283 2947 585 3032 consuetudinibus,
610 2949 664 3014 rel
689 2949 819 3014 statutis
845 2948 1041 3034 iuramento,
1058 2947 1256 3018 confirmati-

133 3074 196 3122 one
213 3052 312 3124 Sedis
336 3055 538 3140 Apostoliee,
563 3073 622 3124 seu
639 3073 845 3141 quatumque
861 3054 929 3124 alia
944 3053 1098 3135 firmitate
1114 3056 1258 3135 valletis,

131 3169 191 3232 aut
206 3163 374 3248 aliquibus
390 3164 604 3249 indulgentiis
621 3164 708 3230 dioto
732 3164 821 3232 sedis
840 3173 872 3230 et
888 3164 1100 3250 generalibus
1117 3165 1169 3232 vel
1185 3183 1258 3250 spe·

130 3271 281 3356 cialibus,
298 3273 531 3358 cuiuscumque
548 3272 674 3341 tenoris
698 3273 852 3358 existant,
869 3289 928 3357 per
945 3289 1027 3354 quas
1043 3291 1110 3340 nou
1127 3291 1259 3358 expres-

132 3400 188 3448 sas
214 3381 436 3467 presentibus,
465 3381 518 3448 vel
544 3382 693 3449 totaliter
718 3402 784 3449 non
811 3379 1096 3464 interraneorum
1122 3377 1257 3447 effeetus

129 3489 285 3575 impediri
302 3489 414 3558 valeat
430 3487 676 3572 quomodolibet
693 3489 745 3556 vel
763 3487 904 3571 differri3
922 3489 1074 3574 provisso
1085 3488 1255 3576 quodper·

135 3603 272 3666 sonatur
302 3603 335 3663 et
361 3596 540 3686 dignitates
566 3596 751 3665 huiusmodi
768 3593 889 3663 debitis
906 3614 971 3661 non
987 3592 1181 3665 fraudenter
1197 3597 1252 3663 ob·

132 3703 267 3791 requiis,
286 3712 319 3772 et
334 3705 518 3775 animarum
535 3725 613 3774 eura
629 3705 662 3771 iu
679 3705 738 3791 eis,
756 3708 789 3773 iu
807 3701 1002 3790 quibusilla
1019 3703 1176 3790 imminet,
1186 3703 1257 3772 nul-

129 3812 260 3880 latenas
285 3811 484 3898 negligetur.
510 3811 600 3882 Nulli
626 3833 704 3900 ergo
731 3817 793 3880 ete.
821 3817 932 3879 nostre
949 3811 1177 3882 concessionis
1195 3819 1258 3882 eto.

130 3919 253 3988 Datum
269 3918 409 3990 Viterbii
423 3920 464 3988 X.
483 3921 654 3991 Kalendas
672 3919 834 3990 Octobris.
851 3922 948 3990 Auno
965 3920 1081 4008 primo.

228 4115 290 4187 (lll.
302 4113 407 4173 Miklos
421 4113 500 4188 pdpa
511 4113 713 4189 Regestdibdl,
728 4113 858 4174 Tbeiner
871 4116 909 4171 id.
924 4135 962 4176 m,
976 4115 998 4173 1.
1012 4115 1043 4174 k.
1056 4115 1118 4174 eto.
1131 4113 1162 4187 l.)

563 4405 824 4420 ι--ἡ-..ρ--ι
