3142 5164
341 1123 468 1214 Gyiirqy
492 1125 601 1192 Simon
618 1122 670 1210 fia
685 1145 707 1187 a
722 1121 893 1190 Seuthondr
915 1123 1033 1212 mepyei
1056 1121 1134 1187 Molo
1148 1121 1376 1209 reuerentes,
1404 1125 1464 1189 Mi·

337 1233 478 1322 }rdlgmolr
495 1235 526 1298 6⁸
545 1231 744 1297 drdktiaeioelr
759 1255 780 1296 o
795 1231 914 1298 adradi
928 1230 1084 1322 koptoloa
1105 1230 1178 1296 ewra
1194 1229 1342 1320 bevolljo,
1364 1235 1463 1300 1279.

447 1444 667 1536 (O)apitulum
677 1447 1066 1518 WaradieusisanIesie
1082 1445 1462 1518 omnibusOhrietiiide-
1556 1445 1557 1476 ³

339 1559 426 1626 libus
442 1577 580 1645 presens
597 1556 753 1642 seriptum
769 1558 987 1644 inspecturis,
1012 1557 1151 1625 salutem
1168 1553 1202 1624 in
1218 1576 1294 1625 uero
1310 1558 1461 1626 salutari.

340 1668 393 1736 Ad
410 1667 633 1734 uniuersorum
660 1665 816 1732 noticiam
831 1672 901 1734 tam
926 1665 1132 1752 presencium
1158 1684 1256 1750 quam
1280 1667 1463 1735 futurorum

339 1783 451 1842 tenore
466 1775 671 1861 presencium
697 1773 849 1844 volumus
866 1775 1061 1862 peruenirep
1087 1774 1176 1860 qnod
1193 1776 1374 1862 magister,
1392 1775 1461 1843 Ste-

339 1883 467 1968 phanus
483 1882 570 1950 filius
587 1881 722 1950 Comitis
738 1882 887 1952 Minaelis
903 1881 961 1970 filij
982 1882 1088 1964 Vbul,
1106 1883 1327 1968 personaliter
1348 1905 1461 1972 prose

340 2001 374 2060 et
389 1992 463 2078 ipso
479 1997 575 2078 patre
591 2011 652 2060 suo
662 2043 671 2078 ‚
690 2011 730 2058 ao
748 1991 904 2060 iratribus
921 1991 990 2060 suis
1000 2041 1011 2078 ‚
1035 1993 1133 2060 Petro
1149 1993 1276 2060 scilieet
1297 1999 1331 2060 et
1347 1993 1460 2078 Paulo,

339 2103 423 2170 siout
438 2099 538 2185 dixit,
558 2121 599 2168 ex
614 2120 678 2169 una
694 2108 812 2188 parte3
830 2101 994 2188 Georgius
1011 2101 1099 2170 tilius
1115 2101 1272 2190 Symoois
1297 2120 1341 2168 ex
1356 2101 1461 2170 altera

340 2210 383 2278 ad
400 2215 546 2276 nostram
562 2208 758 2278 aecedentes
774 2210 1001 2298 presenciam,
1017 2209 1106 2278 idem
1123 2209 1288 2296 Georgius
1308 2193 1460 2298 persona-

339 2319 414 2385 liter
432 2337 541 2385 noram
557 2318 653 2388 nobis
670 2319 886 2396 constitutus,
912 2318 989 2386 uiua
1003 2336 1097 2401 nooe,
1114 2337 1198 2385 sana
1218 2325 1349 2402 mente,
1365 2337 1461 2406 spou-

339 2434 504 2510 taueaque
518 2426 688 2496 voluntate
700 2433 751 2496 ost
766 2427 949 2514 consessus,
966 2425 1054 2511 quod
1064 2428 1253 2511 porcionem
1269 2427 1302 2494 iu
1319 2427 1461 2511 qondam

339 2544 430 2604 terra
445 2553 508 2602 sna
532 2534 737 2602 hereditaria
751 2535 830 2601 Mok
849 2541 990 2620 uenata,
1017 2531 1051 2600 in
1067 2533 1233 2601 comitatu
1249 2533 1291 2601 de
1306 2533 1461 2604 'tiethmar

340 2645 502 2713 existente
518 2641 626 2728 ipsum
644 2645 908 2729 contingentem,
926 2661 989 2726 que
1007 2642 1130 2730 porcio.
1150 2639 1357 2712 Deusteluke
1372 2646 1461 2730 apel·

339 2756 446 2838 latur,
471 2755 571 2820 sitam
587 2755 680 2821 iuxta
696 2758 817 2820 terram
834 2751 972 2822 Comitis
988 2752 1145 2838 Mycaelir
1160 2749 1220 2838 filij
1239 2750 1327 2820 Vbul
1343 2773 1462 2822 memo

338 2863 421 2947 rati;
439 2865 472 2928 et
489 2861 629 2928 uicinam
646 2861 805 2948 Neugrad
822 2869 995 2960 uocatam,
1021 2881 1095 2930 eum
1117 2862 1267 2929 omuibus
1287 2862 1357 2930 suis
1374 2861 1462 2929 utili·

339 2970 484 3053 tatibus,
508 2969 613 3056 pratis
630 2971 758 3040 seilicet
775 2978 808 3039 et
823 2972 970 3056 stagnis,
997 2991 1037 3037 an
1052 2970 1268 3058 pertinenaijs
1288 2972 1463 3056 uniuersis,

340 3078 483 3163 dedisse,
500 3077 682 3146 tradidisse
699 3085 731 3145 et
747 3077 911 3162 donasse,
927 3081 1014 3148 dioto
1035 3078 1154 3148 comiti
1170 3077 1338 3167 Mioaheli,
1355 3086 1387 3146 et
1403 3099 1463 3166 per

339 3189 446 3272 ipsum
465 3187 534 3254 suis
551 3185 751 3269 heredibus,
777 3185 999 3274 heredumque
1015 3186 1272 3272 suecessoribus,
1292 3187 1463 3258 inrevoca-

231 3351 233 3355 ,
339 3295 461 3381 biiiter,
479 3303 637 3382 perpetuo
654 3293 891 3381 possidendam
908 3304 940 3364 et
955 3295 1144 3364 habendam
1160 3295 1258 3382 pleno
1273 3297 1353 3366 iure.
1378 3299 1463 3364 Item

340 3403 516 3488 quamdam
541 3406 737 3489 particulam
763 3405 797 3472 in
814 3406 931 3472 eadem
949 3413 1037 3471 terra
1053 3404 1150 3490 Moli,
1177 3421 1275 3488 quam
1301 3405 1463 3475 Marcello

339 3511 535 3581 vendiderat
551 3511 718 3596 similiter,
737 3511 819 3582 dixit
835 3511 899 3601 ipsi
916 3512 1035 3580 (inmiti
1060 3511 1205 3599 Mynaeli
1229 3517 1263 3578 et
1286 3512 1462 3601 dhissum,

339 3641 379 3688 an
395 3621 482 3687 omni
499 3621 689 3708 posteritati
703 3641 762 3690 sue
779 3629 936 3708 perpetuo
961 3621 1100 3709 paoifiee
1126 3621 1363 3708 possidendam
1373 3673 1382 3707 ,
1399 3645 1464 3710 pro

339 3751 389 3814 en,
405 3732 495 3817 quod
511 3730 630 3800 Oomee
655 3731 798 3800 Michael
815 3740 848 3799 et
865 3731 925 3800 iiiii
941 3731 993 3800 sui
1017 3731 1239 3815 prenominati
1255 3731 1466 3814 questionem

338 3838 455 3921 viginti
480 3859 663 3908 marearum
690 3837 755 3924 ipsi
780 3839 973 3926 supradicto
1000 3839 1145 3924 Georgio
1170 3837 1384 3906 dimisissent.
1420 3841 1466 3908 Et

337 3950 474 4032 insuper
489 3955 639 4031 quartam
666 3947 834 4018 dimidiam
856 3969 1000 4016 maroam
1017 3943 1109 4034 (pro)
1126 3946 1346 4032 prediotarum
1372 3957 1463 4017 terre

338 4057 573 4146 partioulurum
598 4057 855 4145 perpetuatione
881 4055 987 4124 eidem
1005 4055 1146 4140 Georgio
1163 4055 1389 4140 persolverunt
1407 4075 1464 4125 oo·
1556 4059 1557 4104 i

338 4183 409 4232 ram
425 4163 540 4248 nobis3
567 4183 702 4246 quarum
719 4164 954 4251 particularum
972 4171 1056 4232 mete
1073 4165 1122 4232 sio
1138 4163 1330 4230 ordinantur
1339 4214 1349 4250 ,
1375 4166 1466 4232 siout

336 4283 451 4358 partes
467 4269 537 4357 ipse
563 4273 754 4340 retuterunt.
779 4273 920 4358 Aperte
936 4271 1181 4360 septemtrionis
1207 4271 1339 4340 scilieet
1363 4271 1466 4343 iuxta

337 4377 549 4463 quarumdam
568 4380 735 4464 spinarum
753 4381 909 4449 oireulum
926 4387 979 4449 eet
996 4399 1062 4449 una
1078 4386 1166 4447 meta
1177 4387 1288 4448 terrea
1300 4401 1309 4465 ς
1323 4381 1366 4448 de
1382 4381 1466 4449 hino

337 4486 465 4554 aooedit
481 4487 526 4553 ad
541 4483 671 4554 fluvium
688 4489 818 4574 Zomns,
835 4497 868 4556 et
884 4491 977 4557 iuxta
994 4489 1100 4575 ipsum
1117 4488 1262 4572 fluvium,
1279 4489 1467 4575 parniendo

336 4593 492 4664 ”idelifflt
508 4596 615 4683 ii’sstlffl
632 4595 784 4680 fluvium,
810 4599 917 4686 uergit
932 4617 1047 4668 uersus
1064 4599 1244 4684 orientem;
1270 4603 1393 4682 etpost
1410 4615 1466 4666 se·
1556 4601 1557 4696 ᾗ
