3116 5166
596 298 754 400 „⁹9-

112 499 186 584 ipse
210 496 328 570 domes
353 499 524 568 lohannes
547 516 639 566 enam
655 507 775 566 terram
792 503 964 584 separaret
979 495 1024 565 ab
1039 495 1181 582 eisdem;
1201 501 1234 564 et

111 605 158 672 ibi
173 605 253 674 dicti
268 615 454 674 castrenses
478 611 679 689 rogaverunt
695 605 856 694 Comitem
872 604 1062 672 iohannem
1077 624 1234 672 memora-

111 722 198 798 tum,
226 721 261 782 nt
284 715 432 801 ipsorum
446 713 664 803 peticionibus
681 712 858 782 humilibus
884 733 921 780 se
939 713 1122 796 inclinaret,
1140 719 1175 778 et
1191 713 1234 780 si·

111 830 167 890 eut
182 823 283 909 ijdem
298 830 485 892 castrenses
499 824 535 890 in
552 829 667 892 nostra
682 823 854 910 presencia
871 821 1051 907 constituti,
1067 830 1100 889 et
1115 821 1233 891 Comes

110 932 280 1000 lebannes
296 940 490 1022 pretaxatus
506 933 676 1017 dixerunt,
691 933 765 1019 ipse
792 933 908 1000 (lomes
924 931 1093 1000 Jobnunes
1105 932 1233 1000 miseri·

111 1041 226 1110 cordia
250 1049 357 1110 motus
381 1043 527 1130 ipsorum
542 1042 741 1128 peticionem
757 1040 955 1126 admisisset,
982 1046 1018 1107 ut
1033 1039 1155 1108 dietam
1170 1046 1234 1108 ter-

110 1169 182 1216 ram
207 1172 302 1219 suam
328 1153 479 1221 similiter
503 1153 575 1220 sine
601 1151 762 1218 diuisione
788 1151 975 1236 possideret
1000 1169 1071 1215 cum
1097 1149 1233 1236 eisdem,

109 1266 209 1346 prout
234 1267 371 1329 actenus
397 1261 502 1328 tenuit
528 1269 560 1328 et
585 1260 742 1346 possedit.
770 1259 806 1324 ln
824 1259 914 1327 cuius
931 1261 977 1324 rei
994 1259 1183 1324 memoriam
1201 1266 1234 1324 et

109 1375 303 1453 perpetuam
329 1369 515 1437 firmitatem
540 1369 583 1436 ad
610 1369 805 1454 peticionem
831 1375 864 1434 et
885 1367 1081 1434 instanciam
1099 1368 1234 1434 Comitis

109 1476 271 1544 Jobannis
295 1477 355 1563 filij
373 1479 472 1565 Isyp,
498 1479 609 1546 Zenlre
635 1485 668 1546 et
693 1481 856 1544 sociorum
872 1497 1004 1544 suorum
1023 1475 1233 1543 castrensium

110 1583 333 1670 predictorum
357 1593 531 1674 presentes
558 1587 709 1656 dedimus
736 1586 862 1652 litteras
889 1585 990 1670 sigilli
1014 1585 1118 1652 nostri
1134 1585 1236 1652 muni.

112 1692 202 1758 mine
230 1693 417 1762 roboratas.
448 1693 570 1762 Datum
599 1714 685 1760 anno
711 1694 754 1758 ab
778 1693 1013 1760 incarnacione
1038 1693 1172 1761 Domini
1188 1695 1237 1761 Μο

110 1797 184 1865 00⁰
199 1802 312 1870 LXX⁰
327 1803 477 1889 septimo.
497 1805 583 1890 Elya
606 1804 755 1887 Abbate,
784 1800 937 1868 Lucbach
955 1802 1110 1890 Decano,
1138 1804 1234 1870 Petro

109 1909 256 1976 Custode
274 1911 503 1981 existentibus.

217 2110 328 2176 deppae.
357 2107 495 2164 Eredetie
517 2069 684 2179 bb'rhdrty'c,
707 2105 843 2178 melynelr
865 2105 925 2162 alril
950 2104 1236 2176 folbajtotthasedd-

109 2194 209 2342 m
222 2194 493 2357 thzakdteldlrrdl
506 2195 609 2270 iltpgb't
627 2193 743 2268 peesdte
767 2193 953 2267 elenydsaett.
976 2195 1102 2252 Mdsolta
1124 2197 1237 2254 Horutit

118 3351 140 3413 1
145 3348 181 3414 V.
194 3349 310 3414 Lcszto
333 3351 442 3438 lifrdty
467 3351 563 3439 Ipolit
578 3350 788 3437 prdffiuinak
803 3352 1034 3440 odorndnyozac
1051 3353 1140 3418 Fonte
1155 3360 1236 3422 nect

550 3457 667 3544 feteat.
694 3461 793 3526 1278.

213 3657 283 3722 Nos
308 3654 485 3724 Ludisiaus
510 3655 573 3722 Dei
606 3657 719 3742 gracia
746 3661 816 3726 Rex
842 3659 988 3744 ‘Vngarie
1013 3658 1234 3744 significamus

110 3763 263 3830 omnibns
289 3765 408 3848 quibus
430 3765 570 3850 expedit
588 3765 793 3851 presencium
809 3787 868 3854 per
885 3775 1040 3847 tenorem,
1058 3771 1144 3851 quod
1170 3793 1235 3836 nra-

107 3873 217 3956 gister
241 3872 341 3958 Vgra,
367 3873 547 3968 Nicotaus,
573 3874 783 3960 Valentinus,
801 3881 835 3940 et
850 3877 1006 3961 magister
1022 3876 1157 3962 ipolitus
1176 3878 1232 3967 filij

107 3980 248 4050 Comitis
260 3983 372 4067 ipoliti
388 3982 534 4069 delltya,
550 3980 664 4050 fideles
679 3982 792 4069 nostri,
809 3984 972 4068 quandem
987 3991 1106 4054 terram
1123 3989 1236 4058 Fonou

109 4097 266 4158 vocatam
282 4089 551 4160 Tawernicorum
570 4098 754 4159 nostrorum
770 4093 901 4161 nomine
916 4099 1004 4161 terre
1019 4114 1123 4164 vacue
1138 4119 1158 4165 a
1175 4117 1236 4163 no·

110 4202 165 4267 bis
194 4203 360 4286 petierunt
384 4200 449 4268 sibi
476 4199 567 4286 dari;
593 4201 652 4268 sed
678 4201 755 4285 quia
772 4201 812 4268 de
829 4202 988 4284 qualitate
1004 4210 1036 4268 et
1052 4205 1237 4288 quantitate

106 4329 150 4376 ac
168 4310 431 4395 circumstanciJs
450 4309 594 4376 eiusdem
614 4315 701 4376 terre
718 4309 813 4376 nobis
830 4311 952 4378 veritas
969 4331 1033 4378 non
1051 4314 1235 4398 constabat,

104 4418 265 4486 fidelibus
281 4417 403 4486 nostris
419 4419 542 4485 Abbati
558 4419 589 4484 ei
605 4418 786 4488 conventui
811 4419 1011 4506 Symigiensi
1037 4421 1185 4488 dedimus
1203 4421 1235 4486 in

100 4526 294 4610 mandatis,
312 4547 376 4611 que
392 4526 596 4612 postmodum
612 4528 850 4614 rescripserunt
865 4530 961 4596 nobis
977 4529 1011 4596 in
1026 4527 1088 4596 beo
1104 4529 1209 4595 verba
1226 4550 1234 4592 :

218 4637 502 4708 Excellentissimo
519 4637 650 4706 domino
675 4657 733 4707 suo
760 4636 917 4736 badislao
944 4639 1004 4704 Dei
1031 4637 1145 4720 gracia
1160 4633 1236 4705 Illu-
