3142 5164
601 375 744 480 „aas

113 579 206 646 iuxta
223 575 362 644 formam
378 575 472 643 vobis
488 573 655 658 traditam,
682 593 780 658 qnam
798 573 893 640 eitius
908 571 980 639 deri
996 571 1151 658 potuerit,
1167 593 1239 658 pre-

113 686 322 756 sentandum.
340 685 463 753 Datum
478 685 581 752 Rome
598 683 688 786 apud
704 685 861 754 Sanctum
878 684 1009 750 Petrum
1027 683 1131 751 Nonis
1151 683 1240 767 Maii,

113 795 343 884 (Pontificatus
358 791 478 884 nostri)
493 815 580 867 anno
599 801 706 863 tertie.

211 991 275 1067 (ΠΙ.
288 991 395 1050 Mtktos
407 991 487 1065 pdpa
499 990 699 1064 Regestaibdl,
710 988 838 1046 Thainar
851 987 890 1042 id.
902 1005 938 1042 m.
953 985 975 1042 1.
990 986 1019 1042 k.
1032 987 1094 1044 346,
1109 985 1141 1058 1.)

544 1264 808 1278 mnu—⁴—

628 1797 713 1868 1³5.

104 2003 173 2068 ΙΙΙ.
200 2000 320 2067 Milatos
339 2003 429 2088 popo
453 2021 640 2088 opponaaoa
654 1996 775 2084 appion
789 1995 893 2084 Forop
914 1996 1035 2085 farmoi
1052 2007 1180 2093 pappole
1205 2030 1236 2074 ω

281 2109 388 2196 popei
400 2108 498 2191 kdoat,
517 2133 531 2174 s
547 2107 659 2173 Endre
676 2105 743 2192 apri
753 2106 939 2194 pitspdkdea.
966 2111 1062 2176 1280.
1128 2107 1130 2112 ’

215 2307 377 2379 Nioolaus
393 2305 576 2391 Episcopus
593 2323 710 2373 seruus
721 2323 890 2370 seruorum
901 2303 976 2389 Dei,
993 2311 1235 2382 venerabilibus

104 2417 268 2487 iratribus
284 2415 437 2500 Phiiippo
458 2413 615 2480 Firmano
633 2412 825 2498 Apostolioe
842 2411 937 2481 Sedis
954 2415 1096 2503 Legato,
1123 2429 1155 2486 et
1171 2423 1234 2486 An-

104 2528 190 2602 drae
203 2524 362 2611 Agriensi
378 2523 557 2609 Episcopis
586 2523 726 2589 salutem
744 2531 776 2589 et
791 2523 1016 2607 Apostolioam
1034 2527 1235 2596 benedictio·

104 2659 192 2705 nem.
218 2637 301 2704 Gum
316 2631 545 2699 venerabilem
561 2631 693 2698 fratrem
721 2637 865 2698 nostrum
893 2633 1130 2722 Lodomerum,
1156 2644 1234 2704 tune

105 2747 308 2831 Episcopum
323 2740 587 2824 Waradiensem,
605 2741 756 2806 Electum
772 2741 1032 2824 strigoniensem
1050 2766 1069 2811 a
1090 2749 1233 2834 vinculo,

105 2876 170 2940 qno
186 2850 402 2920 waradiensi
428 2849 603 2918 tenebatur
625 2847 777 2916 Eoelesie
803 2851 990 2919 absolutum
1016 2853 1059 2919 ad
1075 2855 1234 2940 Strigoni

104 2981 220 3032 ensem
239 2959 444 3038 Ecclesiam,
460 2964 538 3023 tuno
554 2963 688 3043 pastore
705 2965 878 3023 vacantem
894 2957 937 3025 de
953 2961 1089 3028 fratrum
1110 2971 1233 3030 nostro-

103 3091 174 3138 rnm
213 3067 351 3136 oonsilio
376 3075 409 3132 et
435 3065 621 3152 Apostolioe
646 3063 847 3150 plenitudine
873 3071 1047 3150 potestatis
1082 3071 1233 3140 duximus

104 3175 393 3253 transferendum,
419 3193 479 3240 nos
496 3175 537 3240 de
563 3173 726 3240 industria
743 3173 937 3242 diieotorum
963 3175 1104 3245 filiorum
1122 3181 1230 3266 magi-

103 3297 247 3354 strorum
272 3283 413 3348 Romani
428 3281 612 3348 Huntensis
634 3287 668 3347 et
682 3279 801 3366 Angeli
817 3281 994 3349 Nitriensis
1019 3287 1231 3356 Arohidiaoo-

100 3413 220 3463 norum
236 3393 272 3459 in
288 3391 401 3458 eudem
418 3391 568 3458 doolesia
583 3389 800 3473 strigoniensi
813 3389 934 3474 eoniisi,
955 3394 1101 3478 pallium,
1127 3397 1231 3480 pieni·

100 3503 253 3570 tudinem
270 3499 429 3567 videlieet
445 3497 646 3566 PontidoaIis
663 3495 783 3583 offleii,
808 3517 881 3566 oum
897 3498 1060 3567 instanoia
1085 3506 1231 3588 postula·

101 3623 183 3694 tum,
210 3609 253 3677 do
269 3626 408 3694 corpore
425 3609 519 3676 Beati
536 3608 623 3676 Petri
640 3611 803 3692 sumptum
829 3608 924 3675 vobis
941 3630 1000 3694 per
1021 3611 1155 3678 eosdem
1171 3615 1230 3679 Ar-

102 3719 320 3788 ehidiaoonos
331 3715 596 3803 presentandum,
607 3735 647 3782 ee
659 3733 718 3803 per
729 3735 787 3782 vos
798 3717 851 3782 vel
862 3717 1000 3784 alterum
1010 3727 1153 3786 vestrum
1169 3723 1230 3790 sub

102 3837 196 3896 oarta
212 3827 320 3896 forma
335 3827 421 3893 dieto
437 3828 553 3894 Eieoto
566 3825 759 3892 tradendum
769 3825 978 3910 providemus
990 3829 1230 3918 destinandum,

102 3939 144 4005 ab
162 3939 214 4006 eis
231 3937 480 4004 Archidiaoonis
506 3941 640 4021 recepto
662 3937 704 4002 de
731 3938 967 4020 prosequenda
993 3939 1134 4007 fideliter
1160 3959 1231 4025 pre·

99 4051 290 4114 sentations
306 4045 489 4112 huiusmodi
504 4045 698 4112 iuramento.
715 4042 877 4122 Quocirca
894 4043 1095 4113 fraternitati
1121 4053 1231 4117 vostre

100 4175 161 4239 per
177 4153 377 4241 Apostolioa
403 4155 526 4238 scripta
542 4151 740 4219 mandamns
750 4203 760 4236 ,
787 4158 949 4235 quatenus
966 4155 1075 4237 pallio
1092 4155 1164 4240 ipso
1180 4175 1231 4224 ra-

99 4270 219 4348 espto,
244 4261 327 4328 iliud
342 4261 449 4328 eidem
471 4261 587 4328 idleoto
611 4261 808 4328 auctoritato
837 4267 947 4328 nostra
971 4263 1113 4330 tradatis
1139 4264 1232 4330 iuxta

98 4371 243 4438 sormam
253 4421 263 4454 ,
281 4389 379 4452 quam
397 4369 490 4438 vobis
506 4372 567 4436 sub
585 4371 676 4437 butio
693 4373 808 4436 nostra
833 4369 990 4436 mittimus
1006 4371 1230 4456 interolnsam,

97 4477 268 4562 reoepturi
296 4477 340 4542 ab
356 4497 395 4543 eo
411 4477 620 4561 postmodum
648 4485 758 4544 nostro
776 4485 809 4542 et
833 4475 983 4544 Eoelesie
1000 4478 1148 4546 Romane
1173 4500 1230 4545 no-

93 4587 188 4654 rnine
206 4585 378 4652 fidelitatis
394 4587 494 4651 solite
512 4589 725 4653 iuramentum
753 4585 932 4650 seeundum
949 4585 1108 4668 formam,
1132 4605 1229 4667 quam

94 4695 198 4764 vobis
215 4696 276 4762 sub
294 4694 412 4786 eadem
431 4696 521 4762 bniia
537 4695 740 4782 providimus
762 4695 1066 4779 transmittendam
1091 4694 1227 4760 sormam

154 4819 254 4862 norun
265 4819 346 4861 suso,
360 4818 425 4860 ursa.
439 4837 467 4847 -
481 4819 553 4862 nuru
567 4817 586 4860 s.
1026 4800 1069 4866 15
