3116 5166
583 319 743 431 ..Q-

94 522 220 592 Galitle
238 525 272 591 et
287 517 448 589 Cumanis
463 523 585 604 partes,
602 516 662 585 tibi
678 519 851 590 commisso
867 519 949 589 inibi
964 521 1063 608 plene
1087 521 1223 610 legatio

93 632 146 700 nis
163 631 285 717 cilicio,
303 651 362 716 pro
379 628 570 714 urgentibus
585 632 617 692 et
631 626 745 695 arduis
761 629 903 712 negotiis
919 629 1120 698 destinemus
1141 655 1149 697 ε
1166 652 1228 702 nos

98 741 265 825 volentes,
282 745 316 805 ut
332 738 552 824 spiritualium
568 735 747 822 largitione
764 757 935 808 munerum
952 741 1079 809 incolas
1095 742 1226 810 illarum

97 857 132 918 et
150 850 291 918 aliarum
317 848 460 934 partium
470 899 480 934 ,
509 843 552 912 ad
569 863 650 928 quas
666 851 699 912 tc
717 849 889 931 pervenire
905 849 1090 936 contigerit,
1106 851 1229 920 reddas

93 959 169 1026 Deo
186 964 220 1026 et
243 955 435 1044 Apostolioe
461 953 539 1023 Sedi
555 955 630 1040 plus
646 953 795 1036 devotos,
812 956 1009 1024 fraternitati
1026 965 1081 1024 tue
1097 977 1229 1044 presen-

93 1069 175 1136 tium
192 1065 393 1134 auctoritate
409 1063 632 1148 concedimus,
649 1068 687 1128 ut
712 1066 1004 1150 quotienscumque
1014 1069 1046 1132 te
1056 1068 1231 1152 contigerit

93 1193 287 1264 proponere
305 1175 440 1242 verbum
455 1172 540 1255 Dei,
561 1191 758 1240 consecrare
775 1173 894 1242 altaria
910 1175 962 1242 vel
979 1177 1150 1262 ecclesias,
1167 1183 1228 1244 aut

92 1285 258 1354 moniales
276 1283 486 1368 benedicere,
502 1278 536 1346 in
552 1283 679 1367 magnis
705 1300 835 1367 quoque
855 1283 1023 1368 colloquiis
1040 1291 1073 1352 et
1088 1305 1224 1370 congre·

91 1394 296 1480 gationibus,
314 1411 378 1476 que
394 1389 569 1458 occasione
595 1387 816 1476 predictorum
832 1391 1037 1477 negotiorum
1053 1399 1120 1461 tam
1137 1393 1226 1460 infra

92 1503 278 1596 legationis
294 1507 350 1568 tue
366 1500 447 1566 lines
457 1549 467 1585 ,
485 1519 582 1585 quarn
604 1505 698 1566 extra
715 1499 855 1585 feceris,
883 1505 917 1569 et
941 1500 975 1566 in
993 1500 1227 1570 festivitatibus

92 1611 350 1698 sollempnibus,
367 1609 543 1676 missarum
559 1607 753 1694 solempniis
769 1609 850 1675 etin
866 1609 1140 1679 translationibus
1151 1632 1226 1680 san·

94 1727 234 1804 ctorum,
251 1725 381 1786 centum
398 1717 480 1802 dies,
499 1724 533 1786 et
548 1715 765 1801 sialiquando
782 1718 816 1785 in
826 1718 1008 1805 premissis,
1023 1737 1099 1786 raro
1114 1724 1224 1786 tamen

94 1847 242 1914 magnus
267 1844 366 1894 casus
391 1825 580 1909 emerserit,
606 1845 707 1892 unum
723 1845 844 1892 anuum
860 1829 894 1892 et
910 1844 970 1892 sex
986 1825 1058 1894 dies
1074 1826 1226 1896 omnibns

92 1957 179 2004 vere
204 1935 427 2020 penitentibus
454 1944 486 2002 et
511 1931 692 2018 confessis,
709 1933 765 2018 qui
792 1931 979 2001 bninsmodi
994 1935 1224 2020 propositioni,

91 2043 354 2128 consecracioni,
378 2042 601 2110 benedictioni
628 2048 661 2109 et
676 2043 850 2110 missarum
867 2041 1062 2129 solempniis
1078 2043 1222 2112 iuterfu-

89 2154 186 2234 erint,
205 2149 296 2218 etad
317 2151 495 2234 colloquia,
506 2150 782 2236 congregationes
794 2155 826 2217 et
836 2151 1071 2218 translationes
1088 2151 1222 2220 easdem

90 2259 282 2328 acceserint
305 2265 507 2345 reverenter,
534 2258 576 2326 de
591 2257 747 2326 iniunctis
764 2257 813 2324 eis
832 2258 1024 2344 penitentiis
1040 2259 1223 2328 misericor-

87 2367 175 2434 diter
192 2369 310 2435 valeas
324 2369 487 2436 relaxare.
515 2368 639 2434 Datum
654 2367 796 2435 Viterbii
810 2366 852 2434 X.
868 2367 1042 2438 Kalendas
1059 2365 1220 2454 Octobris,

87 2475 304 2545 Pontificatns
320 2477 425 2546 nostri
441 2496 528 2544 anuo
543 2477 661 2562 primo.

186 2670 250 2742 (Ill.
263 2671 372 2729 lllilrlds
384 2668 465 2746 pdpa
476 2668 674 2746 Regestdibdl,
689 2671 818 2730 Theiner
830 2672 869 2730 id.
882 2691 919 2728 m.
932 2672 954 2728 Ι.
968 2672 997 2730 k.
1010 2671 1073 2730 ost.
1090 2672 1121 2746 1.)

517 2963 787 2976 *—

631 3499 684 3566 87.

77 3698 141 3785 30)
169 3697 201 3764 Α
210 3701 307 3786 pcipe
322 3697 457 3785 totcpoc
473 3696 689 3785 feljoqceitjm
707 3697 788 3786 bopy
804 3696 925 3784 bdrom,
941 3721 1023 3784 copy
1040 3701 1119 3787 capy
1135 3722 1217 3765 arra

77 3807 274 3874 olkdmotoe
298 3807 417 3892 oppetat,
443 3825 465 3868 ιι
480 3805 584 3869 romei
608 3803 725 3891 cqybdz
750 3805 938 3871 sceleratos
962 3807 1074 3893 tepeat,
1083 3809 1212 3894 jcqycd·

487 3912 546 3977 nelo
561 3911 803 3980 kincceadcsscn.

189 4107 354 4176 Nicolaus
379 4107 565 4195 Episcopus
591 4127 705 4178 seruus
733 4127 903 4178 seruorum
931 4111 1003 4195 Dei,
1030 4109 1216 4181 venerabili

73 4215 177 4284 fratri
202 4213 357 4304 Philippo
382 4217 550 4304 Episcopo
576 4218 731 4286 Firmano
756 4217 948 4304 Apostoliee
969 4217 1067 4286 Sedis
1083 4220 1211 4308 Legato

73 4325 226 4391 salutern
252 4329 286 4390 et
310 4323 539 4410 apostolicam
563 4325 835 4394 benedictionem.
853 4327 935 4395 Oum
951 4337 984 4395 te
999 4328 1045 4394 ad
1061 4327 1212 4413 Ungarie

71 4453 116 4498 ac
144 4431 287 4500 Polonie
296 4479 307 4515 ,
336 4432 526 4522 Dalmatis,
543 4434 695 4520 Oroatie,
711 4433 816 4502 Reme
826 4485 835 4520 ,
853 4436 967 4505 Servie
977 4488 987 4522 ,
1004 4435 1230 4519 Lodomerie,·

69 4541 208 4609 (letitie
233 4545 267 4607 et
293 4537 451 4610 Cumania
466 4547 578 4630 partes
594 4542 656 4611 tibi
676 4543 850 4612 commisso
866 4542 945 4612 inibi
960 4545 1058 4630 plene
1075 4545 1215 4628 legatio·

68 4649 128 4724 nis
157 4644 274 4723 officio
300 4667 360 4742 pro
386 4651 578 4750 urgentibus
603 4656 636 4742 et
651 4649 764 4725 arduis
779 4649 923 4742 negotiis
940 4649 1163 4720 destinemus:
1179 4655 1213 4715 ut
