3116 5166
643 355 782 458 ‚aa

44 533 45 538 ἵ
145 571 208 618 non
235 551 445 618 obstantibus
462 549 637 618 contrariis
664 551 955 620 consuetudinibus
972 553 1026 620 uel
1053 555 1187 621 statutis
1216 573 1269 622 or-

144 657 256 725 dinum
274 657 534 740 Predieatornm,
551 658 623 725 sire
640 658 897 744 quibuscumque
915 659 1099 746 privilegiis
1117 668 1149 728 et
1163 661 1269 728 indul-

144 767 265 848 gentiis
291 767 501 853 Apostolicis
519 786 579 852 per
600 787 663 850 que
679 767 779 835 iidem
796 769 847 834 vel
866 787 975 835 eorum
995 767 1119 836 Preleli
1135 777 1273 855 possent

142 875 176 938 in
192 873 255 943 hae
271 882 367 959 perte
395 876 643 958 quomodolibet
658 894 696 943 se
712 875 807 962 tueri,
823 877 954 964 plenam
981 879 1179 945 auctoritate
1195 895 1272 964 pre-

143 989 285 1050 sent'um
296 981 506 1051 concedimus
523 989 733 1070 potestatem.
752 981 872 1050 Datum
887 981 1026 1050 viterbii
1037 983 1272 1052 XLKalendes

145 1090 310 1176 Octobris,
329 1091 543 1162 Pontificatus
559 1093 662 1162 nostri
679 1111 765 1159 anno
784 1093 899 1176 primo.

243 1287 305 1360 (111.
319 1287 424 1342 lltkles
438 1285 517 1359 pcipe
530 1285 730 1360 Regestiibol,
744 1287 873 1346 Theiner
885 1288 922 1343 id.
936 1305 973 1346 m.
987 1287 1008 1341 1.
1023 1289 1050 1344 k.
1065 1287 1172 1359 3321.)

578 1586 840 1600 —---·-—·-·-——-.

680 2141 733 2206 15.

140 2335 198 2422 18)
209 2333 337 2425 Apdpa
347 2335 483 2426 Fllltlpdt
492 2335 673 2404 caelicola·
687 2335 1045 2404 lraealommalmluzaa
1047 2335 1112 2424 fel,
1130 2341 1173 2403 15
1189 2343 1266 2406 cara-

259 2446 392 2532 papjuit
406 2445 542 2534 bdrmely
558 2445 754 2533 keiptolutrba
768 2443 958 2512 keaoaolled
972 2445 1143 2516 lineolam.

245 2642 1264 2731 NicolauslipisecpusseruusseruorumDeivenerabililretri

136 2748 290 2838 Philippo
302 2749 466 2840 Episcopo
485 2751 643 2822 Firmano
659 2751 851 2840 Apostoliec
869 2751 967 2820 Sedis
984 2749 1111 2836 Legato
1127 2752 1265 2822 salntem

136 2865 171 2926 et
181 2857 692 2946 Apostolicambenedictionem.
703 2861 809 2928 ‘luem
819 2861 968 2928 volentes
983 2859 1146 2928 bonorare
1156 2877 1266 2946 perso-

135 2989 226 3052 nam,
235 2973 269 3037 et
277 2987 336 3053 per
345 2969 497 3034 honorem
508 2969 567 3035 tibi
579 2965 759 3036 exhibitum
770 2969 845 3037 aliis
855 2967 994 3054 gretiam
1005 2967 1173 3056 impertiri,
1186 2967 1266 3036 iaci·

134 3075 215 3144 endi
227 3075 331 3162 recipi
350 3075 413 3144 XV
430 3077 569 3145 elericos
585 3085 660 3145 tuos
676 3097 734 3164 per
745 3083 778 3145 te
795 3077 848 3144 vel
866 3096 925 3162 per
942 3079 1042 3144 ulium
1059 3097 1117 3146 seu
1133 3077 1217 3144 alios
1232 3077 1265 3143 iu

135 3184 275 3253 totidem
286 3184 436 3252 eeclesiis
453 3192 520 3252 tam
538 3183 803 3268 cathedralibus,
815 3204 910 3268 quam
922 3185 996 3252 aliis
1014 3189 1067 3251 tue
1078 3185 1265 3270 legationis,

134 3291 453 3379 videlicetsingulos
465 3295 496 3361 in
509 3293 657 3380 siugulis,
670 3293 697 3360 si
709 3294 753 3360 ad
771 3291 805 3358 id
822 3291 959 3376 illorum,
976 3293 1020 3358 ad
1038 3311 1119 3374 quos
1130 3292 1263 3359 collatio

134 3399 378 3488 prebendarum
395 3403 428 3468 in
445 3402 572 3470 eisdem
597 3401 746 3470 ecclesiis
775 3401 926 3486 pertinet,
944 3397 1082 3467 accedat
1097 3419 1265 3487 assensus,

135 3513 168 3576 in
195 3509 383 3578 eanonieos
409 3516 443 3577 et
467 3511 500 3576 in
525 3511 644 3578 iratres
654 3560 663 3594 ,
680 3530 719 3576 oe
735 3506 930 3596 providendi
947 3506 996 3573 eis
1012 3505 1054 3574 de
1070 3509 1260 3596 prebendis,

135 3621 164 3685 si
182 3625 306 3684 vacant
332 3615 453 3686 ibidem
481 3619 526 3685 ad
542 3637 690 3705 presens,
707 3617 759 3686 vel
778 3615 1013 3702 quamprimum
1031 3613 1123 3682 adid
1140 3615 1264 3684 obtule·

136 3727 177 3792 rit
203 3745 241 3793 se
258 3727 413 3812 facultas,
439 3731 472 3792 et
487 3725 745 3793 contradictores
765 3743 824 3812 per
841 3743 1013 3792 censuram
1028 3723 1263 3812 Apostolicam,

134 3833 364 3920 appellatione
390 3834 596 3922 postposita,
614 3831 866 3920 compescendi,
883 3831 1117 3901 nonobstante
1142 3838 1264 3902 statuto

138 3939 354 4010 eeclesiarum
383 3943 528 4030 ipserum
556 3944 598 4011 de
624 3947 715 4008 certo
740 3941 981 4008 Canonicorum
1006 3959 1159 4015 numero,
1177 3945 1264 4011 iura·

134 4059 269 4130 mento,
297 4049 549 4119 confirmacione
564 4049 660 4118 Sedis
678 4049 878 4136 Apostolieq
897 4065 956 4116 seu
973 4067 1177 4132 quacumque
1195 4051 1264 4119 alia

133 4161 286 4230 firmitate
301 4161 438 4244 vallato,
456 4167 513 4227 aut
530 4160 558 4225 si
575 4157 753 4226 direximus
771 4159 803 4223 in
821 4157 943 4224 eisdem
956 4157 1105 4225 eeclesiis
1116 4177 1175 4246 pro
1186 4159 1261 4227 aliis

134 4272 263 4358 scripta
278 4276 403 4354 nostra,
421 4287 480 4336 seu
496 4269 524 4335 si
541 4265 704 4352 aliquibus
721 4264 934 4333 communiter
949 4265 1000 4332 vel
1011 4265 1261 4337 divisimesede

133 4380 177 4446 sit
192 4379 357 4447 indultum
375 4378 503 4464 eadem,
520 4375 607 4462 quod
623 4375 668 4444 ad
684 4374 905 4460 receptionem
916 4381 950 4441 et
965 4376 1187 4462 provisionem
1202 4377 1261 4444 ali·

133 4489 226 4555 cuius
252 4487 387 4554 minime
412 4491 597 4571 teneantur,
622 4483 776 4570 quodque
802 4483 845 4550 ad
871 4481 904 4549 id
921 4483 1083 4568 compelli,
1099 4503 1158 4551 seu
1175 4485 1261 4568 quud

133 4593 299 4680 interdici,
317 4593 475 4682 suspendi
493 4595 547 4664 vel
566 4593 836 4662 excommunicari
848 4609 911 4658 non
922 4589 1052 4676 possint
1062 4611 1118 4678 per
1134 4591 1261 4660 litteras

133 4703 367 4793 apostolicas,
394 4723 459 4771 nun
486 4701 646 4772 iacientes
661 4701 794 4789 plenam
811 4707 844 4770 et
861 4715 1052 4786 expressam
1068 4697 1108 4762 de
1124 4697 1260 4768 indulto.
