3156 5158
789 221 953 320 tt-

312 424 425 509 prebet
450 423 652 512 exemplum,
680 427 714 488 et
738 425 864 509 prestat
888 439 1060 504 operosam
1081 420 1237 489 fiduciam
1253 419 1431 490 serviendi.

312 531 383 598 Hoc
401 533 502 617 igitur
526 539 706 616 pensantes
731 550 772 597 ex
787 529 907 611 animo,
927 529 991 597 boe
1016 530 1133 614 Regali
1156 528 1382 598 moderamine
1397 528 1433 596 in

313 639 422 708 cordis
449 639 555 706 nostri
583 641 793 708 revolventes
820 637 1015 722 armariolo,
1032 638 1152 706 noticia
1167 645 1358 708 cunctorum
1375 636 1432 702 de-

314 751 477 816 claramus
495 772 503 812 :
520 748 695 831 quodcum
711 747 832 814 nobilis
849 747 897 812 vir
915 753 948 814 et
956 746 1114 816 honestus
1133 750 1288 834 magister
1305 749 1432 831 Petrus,

314 857 399 924 filins
415 855 566 940 magistri
590 857 713 924 Mathai
740 857 782 924 de
806 875 929 942 genere
955 854 1107 942 chak,a
1132 854 1435 944 primoJiuuentutis

315 985 373 1032 sue
388 963 570 1050 principio,
596 983 658 1030 auo
686 971 799 1030 nostro
824 969 859 1030 et
887 963 973 1049 patri
1004 973 1126 1048 nostro,
1156 965 1436 1036 victoriosissimis

314 1073 477 1158 Hungario
489 1071 645 1155 Regibus,
660 1091 700 1138 ac
715 1072 811 1138 nobis
822 1071 953 1139 demum
969 1093 1010 1138 ex
1027 1073 1211 1158 conspicuis
1226 1071 1353 1140 artibus
1369 1092 1437 1138 me

315 1181 435 1250 ruisset
451 1177 671 1265 multipliciter
691 1179 907 1265 complacere,
934 1180 1072 1250 diuersis
1098 1181 1227 1249 clarens
1251 1181 1438 1248 meritorum

316 1289 510 1372 virtutibus,
542 1288 629 1372 quod
653 1289 785 1374 longum
816 1294 906 1354 esset
929 1295 1063 1376 propter
1087 1291 1138 1356 sui
1162 1289 1439 1378 multiplicitatem

317 1419 378 1467 suo
418 1396 516 1465 modo
547 1396 754 1482 persingulas
782 1416 957 1480 enarrare,
987 1397 1101 1480 aliqua
1132 1404 1238 1466 umen
1262 1397 1305 1464 de
1334 1395 1440 1483 gestis

318 1507 396 1589 eius,
423 1525 559 1589 quornm
583 1505 725 1588 quedam
756 1503 909 1586 vidimus,
941 1524 1018 1589 que·
1050 1508 1124 1575 dam
1155 1527 1177 1573 a
1206 1513 1300 1592 patre
1314 1511 1439 1587 nostro,

318 1615 458 1700 quedam
483 1630 504 1678 a
533 1613 640 1698 Regni
665 1612 847 1680 Beronibus
871 1613 1035 1682 veraciter
1060 1615 1290 1697 intelleximus,
1306 1612 1350 1680 ad
1374 1631 1440 1678 me-

319 1723 453 1790 moriam
494 1721 675 1789 futurorum
716 1733 749 1788 et
787 1721 1054 1792 informacionem
1094 1729 1273 1792 ceterorum
1303 1742 1440 1809 presen-

320 1833 408 1898 tibus
439 1830 592 1896 iussimus
623 1831 786 1896 annotari.
825 1829 969 1898 Primum
994 1831 1156 1913 siquidem
1187 1854 1260 1898 cum
1290 1831 1443 1900 dominus
1561 1859 1562 1896 t

321 1943 392 2007 Rex
408 1946 502 2023 pater
518 1944 628 2004 noster
661 1944 736 2004 tune
764 1957 885 2020 gerens
910 1947 996 2007 terre
1022 1941 1300 2008 transdannbialis
1325 1939 1442 2024 guber·
1563 2028 1564 2036 ἵ

321 2049 472 2113 naculum
488 2065 509 2112 a
525 2045 612 2113 facie
638 2045 828 2134 patrissui,
855 2049 909 2132 qui
935 2067 1008 2114 enm
1033 2069 1074 2116 ex
1098 2049 1276 2116 infidelium
1304 2049 1442 2132 instiga·
1564 2134 1565 2144 ἵ

323 2155 425 2239 cione,
451 2155 598 2239 relegato
624 2165 760 2240 paterne
785 2155 916 2240 pietatis
939 2155 1059 2223 affectu
1071 2205 1080 2238 ‚
1105 2157 1381 2243 persequebatur,
1406 2157 1444 2221 in

323 2267 465 2328 castrum
491 2263 533 2328 de
557 2263 802 2348 Fcketyubolm
833 2261 977 2350 (Fckele
992 2261 1117 2352 halom)
1134 2284 1330 2351 campanea
1345 2263 1444 2330 comi·

324 2371 427 2436 tativa
441 2368 652 2454 declinasset,
670 2371 755 2437 idem
781 2372 939 2456 magister
966 2373 1084 2439 Petrus
1109 2393 1149 2440 ex
1164 2372 1322 2439 missione
1338 2374 1445 2457 patris

324 2481 427 2546 nostri
443 2479 503 2544 sub
520 2487 628 2546 castro
645 2477 751 2546 Dewa
777 2489 893 2546 contra
918 2481 1136 2548 Cumanorum
1152 2480 1325 2547 exercitum
1342 2479 1446 2546 virili-

325 2597 375 2655 tor
391 2587 576 2672 dimicavit;
605 2587 761 2671 quosdam
788 2608 829 2654 ex
858 2587 906 2656 eis
931 2587 1141 2674 captiuando,
1158 2589 1318 2674 quosdam
1334 2594 1446 2654 autem

324 2693 525 2784 perimendo,
542 2695 771 2782 triumphalem
800 2697 982 2781 reportauit
1005 2696 1187 2774 victoriam,
1203 2695 1372 2782 negotium
1388 2714 1447 2782 pa·

326 2803 385 2870 tris
400 2802 503 2871 nostri
533 2803 615 2869 inibi
640 2803 779 2871 feliciter
804 2803 996 2872 inchoando.
1025 2805 1178 2872 Preterea
1205 2824 1277 2871 cnm
1302 2809 1451 2883 castrum

326 2911 484 2998 Borynlra
499 2931 558 2998 per
574 2909 723 2980 inimicos
749 2911 855 2997 patris
881 2911 985 2980 nostri
1002 2919 1034 2977 et
1050 2911 1156 2998 Regni
1171 2911 1316 2996 Vngsrie
1332 2911 1448 2997 explo-

328 3027 456 3088 ratores
481 3016 601 3084 lnisset
625 3025 838 3104 occupatum;
875 3019 1023 3106 prefatus
1054 3019 1211 3105 magister
1234 3021 1350 3086 Petrus
1374 3039 1451 3085 cum

328 3127 489 3196 effusione
503 3125 675 3211 sanguinis
693 3127 755 3213 sui,
773 3135 805 3194 et
816 3136 917 3194 morl-e
935 3147 1063 3196 suorum
1076 3129 1284 3214 recuperavit
1300 3133 1452 3196 castrum

328 3233 411 3304 illud
427 3243 460 3301 et
476 3233 691 3302 iurisdictioni
716 3236 861 3302 restitnit
885 3234 1031 3304 fidelium
1057 3243 1251 3322 nostrorum,
1269 3236 1453 3304 eliminatis

328 3342 514 3411 infidelibus
539 3363 580 3410 ex
606 3343 732 3411 eodem.
758 3345 811 3411 Ad
836 3343 897 3412 bec
923 3365 994 3412 cum
1019 3345 1209 3431 praedictus
1234 3365 1318 3414 auus
1334 3355 1455 3413 noster

328 3453 524 3519 transmissa
547 3459 746 3521 armatorum
770 3452 978 3522 multitudine
1004 3453 1141 3542 primum
1158 3473 1218 3522 nos
1234 3461 1267 3522 ct
1282 3453 1456 3522 dominam

331 3561 488 3646 Reginam
506 3565 653 3646 matrem,
671 3569 704 3627 et
729 3579 858 3628 sorores
883 3567 1014 3631 nostras
1040 3563 1229 3630 carissimas
1263 3563 1305 3630 de
1337 3568 1457 3630 castro

332 3669 438 3738 Potolr
455 3669 553 3738 educi
568 3667 692 3738 lecerat
717 3677 751 3737 et
775 3669 921 3756 extrabi3
947 3677 980 3738 et
1005 3671 1124 3740 exinde
1147 3677 1276 3758 putrem
1301 3676 1459 3738 nostrum

331 3777 524 3860 inuestigari
540 3777 694 3862 iaciebat,
711 3779 903 3847 machinans
920 3799 992 3847 eum
1008 3780 1140 3866 priuare
1155 3781 1225 3848 iure
1239 3777 1401 3862 geniture,
1419 3797 1461 3846 eu

332 3887 435 3971 Regni
453 3883 638 3954 diademato
653 3887 798 3973 spoliare
824 3889 895 3976 ipse
911 3887 1069 3974 magister
1085 3890 1210 3972 Petrus,
1228 3907 1302 3955 cum
1316 3883 1461 3955 blatbeo

332 3995 434 4062 fratre
450 4011 519 4077 sno,
540 3995 675 4079 primum
694 3996 877 4081 captinauit
903 3999 1129 4084 speculatores
1146 3996 1309 4064 exercitus
1324 3994 1379 4060 aui
1395 4015 1462 4063 nm

331 4099 517 4188 stri,ccntra
532 4107 657 4186 patrem
668 4111 811 4171 nostrum
822 4103 864 4170 ad
880 4102 1115 4190 explorandum
1131 4103 1332 4172 clancularia
1347 4101 1459 4170 desti·

333 4215 451 4296 natos,
467 4209 585 4295 quibus
602 4209 642 4278 de
667 4213 858 4301 captiuitato
881 4212 1065 4281 huiusmodi
1080 4214 1123 4280 ad
1141 4211 1304 4283 cautelam
1320 4209 1464 4278 absolu-

334 4321 388 4404 tis,
405 4339 465 4408 per
481 4321 691 4402 quorumdam
705 4323 878 4406 Beronum,
889 4323 977 4408 patri
987 4329 1099 4392 nostro
1116 4323 1270 4404 fidelium,
1287 4321 1467 4392 licettunc

335 4431 401 4516 ipsi
418 4449 482 4496 ano
497 4437 607 4496 nostro
624 4439 735 4497 coacte
751 4432 991 4516 famolancium,
1009 4434 1161 4502 Saxones
1177 4439 1210 4498 et
1226 4431 1284 4499 alii
1299 4427 1467 4500 homines

334 4540 479 4626 regionis
497 4537 714 4610 Transiluane
737 4542 781 4610 ad
796 4543 925 4614 Patrem
942 4549 1090 4612 nostrum
1106 4542 1284 4622 redierunt,
1300 4559 1374 4608 eum
1391 4561 1468 4610 na-
