3142 5170
811 299 969 406 joa-

328 501 406 568 tatis
420 495 649 582 Traguriensis
665 499 821 563 statutum
833 501 866 560 et
881 493 1068 565 ordinatum
1083 515 1169 581 esse,
1181 497 1269 578 quod
1284 500 1395 565 nullus
1410 518 1450 567 ex

330 607 456 674 civibus
483 603 760 689 Trafguriensibns
778 600 916 670 auderet
932 601 986 670 vel
1001 603 1138 672 deberet
1156 605 1198 672 ab
1214 603 1327 688 aliquo
1342 613 1452 673 extra·

329 737 390 784 nee
408 715 478 782 sine
496 711 618 780 lorensi
635 711 749 795 aliqua
766 709 854 778 bona
879 710 952 781 siue
968 713 1198 798 possessiones
1214 733 1331 797 emere,
1347 715 1405 782 vel
1420 715 1451 782 in

329 823 493 892 cambium
509 821 581 887 siue
598 821 631 886 in
648 819 768 886 donum
785 819 840 888 vel
855 818 968 903 aliquo
986 819 1081 896 modo
1098 823 1264 908 suscipere
1273 823 1403 908 aliquid
1413 823 1452 890 de

328 933 423 1000 bonis
448 936 481 998 et
505 926 771 1014 possessionibus
786 925 892 1012 ipsius
909 928 1057 996 extranei
1072 927 1125 995 vel
1142 927 1283 997 terensis
1292 981 1302 1015 ,
1326 931 1388 1012 qni
1404 949 1451 996 es

327 1046 401 1107 sent
417 1040 450 1106 in
466 1036 610 1104 Oivitate
625 1034 837 1118 ngnriensi
853 1035 907 1101 rel
924 1036 998 1122 ejus
1015 1033 1174 1117 districtu,
1194 1037 1282 1119 quod
1291 1037 1360 1123 juri
1378 1057 1451 1106 oon·

326 1167 441 1215 sonum
458 1165 522 1213 non
540 1162 614 1212 esse
629 1144 784 1226 videtur;
801 1149 834 1210 et
849 1143 1034 1227 sapientum
1051 1143 1096 1210 sit
1111 1145 1145 1210 in
1160 1144 1278 1212 melius
1293 1165 1451 1214 reuocare

325 1253 493 1336 conscilia,
507 1251 648 1335 ideoque
663 1250 803 1337 predicti
813 1249 947 1318 ludices
957 1251 1195 1334 Tragurienses
1206 1259 1238 1320 et
1254 1259 1355 1320 totum
1367 1251 1448 1321 Gon-

326 1364 452 1432 scilium
477 1359 631 1428 Ciuitatis
647 1357 878 1444 Traguriensis
905 1358 1103 1426 unanimiter
1120 1366 1153 1425 et
1169 1361 1375 1428 concorditer
1392 1381 1450 1446 per

267 1465 270 1478 '
326 1489 363 1538 se
380 1487 524 1552 suosque
541 1485 751 1534 successores
776 1466 907 1532 nomine
932 1473 964 1531 et
980 1485 1039 1550 pro
1055 1475 1150 1552 perte
1165 1464 1246 1533 dicti
1262 1468 1451 1538 communis

326 1576 560 1664 Traguriensis
577 1575 740 1643 dederunt
755 1581 787 1640 et
805 1576 1010 1640 contulerunt
1026 1575 1175 1640 omnibns
1191 1581 1225 1641 et
1239 1575 1378 1659 singulis
1406 1581 1452 1646 ei·

325 1687 421 1756 ribus
448 1683 601 1751 Ciuitatis
627 1683 775 1768 Spaleti‚
801 1681 857 1765 qui
883 1681 971 1750 bona
995 1683 1109 1766 aliqua
1133 1683 1203 1749 siue
1220 1687 1451 1768 possessiones

326 1796 449 1864 babent
464 1793 497 1860 in
514 1791 657 1862 Ciuitate
672 1792 729 1858 uel
744 1789 778 1858 in
805 1790 952 1858 districtu
969 1791 1122 1860 Ciuitatis
1142 1789 1375 1875 Traguriensis
1393 1817 1451 1882 per

325 1904 388 1972 hoo
402 1920 541 1989 presens
557 1900 724 1984 publicum
741 1899 992 1967 instrumentum
1019 1902 1151 1986 plenem
1176 1901 1273 1967 immo
1297 1903 1450 1988 plenissi-

324 2031 411 2078 mam
427 2011 581 2077 uirtutem
596 2013 629 2073 et
643 2008 783 2074 liberam
801 2013 1010 2091 potestatem,
1021 2007 1095 2094 ipsa
1112 2009 1202 2076 bona
1218 2013 1249 2074 'et
1265 2011 1449 2093 possessio·

324 2139 382 2188 nes
408 2136 522 2187 omnes
548 2115 602 2182 rel
626 2113 775 2199 singulas
803 2115 906 2182 libere
932 2120 1031 2199 atque
1058 2117 1190 2199 quiete,
1208 2115 1379 2201 quodnon
1396 2117 1450 2184 ob·

324 2232 432 2295 stante
457 2227 511 2292 vel
537 2223 765 2310 prejudicante
782 2221 956 2311 capitulari
983 2223 1053 2292 sire
1069 2225 1194 2292 statuto
1211 2223 1355 2310 predicte
1373 2227 1450 2294 abs·

325 2352 388 2416 que
407 2333 522 2416 aliqua
538 2331 732 2399 Communis
748 2329 902 2398 Ciuitatis
919 2333 1151 2417 Traguriensis
1167 2333 1326 2414 molestia,
1342 2333 1446 2419 impe-

322 2441 466 2510 dimento
491 2440 545 2506 rel
571 2438 831 2506 contradictione
855 2437 1084 2521 cuiuscumque
1110 2437 1165 2505 vel
1191 2429 1449 2523 quibuscumque

322 2548 494 2630 noluerint,
512 2552 546 2612 ut
564 2565 616 2612 res
634 2552 667 2611 et
681 2547 767 2612 bona
783 2565 844 2612 sua
864 2546 998 2633 propria
1015 2545 1193 2632 vendendi,
1210 2543 1375 2620 donandi.
1394 2547 1449 2616 ob·

323 2654 458 2740 ligandi,
475 2653 683 2740 permutandi
699 2659 733 2720 et
753 2672 846 2720 suam
863 2673 906 2719 ex
923 2651 1005 2738 ipsis
1022 2654 1055 2720 in
1076 2661 1268 2740 perpetuam
1285 2653 1444 2722 omnimo·

323 2763 399 2831 dam
416 2761 524 2829 iacere
540 2761 762 2846 uoluntatem;
788 2780 853 2826 non
870 2759 976 2826 minus
993 2759 1136 2846 predicti
1160 2761 1295 2831 ludices
1312 2770 1345 2830 et
1362 2763 1447 2833 Gon·
1560 2755 1561 2825 ἶ

321 2869 450 2939 seilium
466 2867 638 2951 dederunt,
657 2869 862 2934 coutulerunt
878 2873 911 2933 et
927 2875 1163 2936 concesserunt
1179 2871 1329 2937 omnibus
1346 2871 1447 2940 etiarn

322 2979 391 3046 suis
418 2977 545 3044 ciuibus
560 2974 836 3060 Traguriensibus
845 3023 854 3058 ,
872 2975 962 3060 quod
977 2995 1045 3044 non
1062 2977 1214 3043 obstante
1231 2977 1285 3045 vel
1302 2979 1446 3064 prejudi-

321 3093 417 3153 cante
441 3089 563 3153 statuto
588 3081 735 3168 predicto
753 3082 905 3150 Ciuitatis
931 3082 1171 3169 aragonensis,
1190 3083 1315 3169 absque
1330 3088 1446 3172 aliquo

321 3191 575 3279 impedimento,
602 3189 766 3276 molestia,
784 3192 837 3256 vel
853 3191 1114 3258 contradictione
1130 3192 1196 3260 sibi
1212 3191 1288 3260 inde
1304 3193 1445 3262 inferen-

320 3301 381 3384 dis,
399 3301 531 3386 plenam
557 3300 731 3382 uirtutem,
758 3297 925 3366 licentiam
941 3299 1087 3368 habeant
1103 3305 1135 3368 et
1151 3300 1373 3369 omnimodam
1389 3324 1445 3390 po·

319 3415 483 3492 testatem,
500 3407 544 3473 ab
561 3406 711 3473 omnibns
738 3405 865 3472 ciuibus
882 3405 1131 3492 Spaletensibus
1148 3408 1292 3492 ipsorum
1308 3410 1399 3477 bona
1414 3419 1447 3477 et

319 3515 560 3604 possessiones,
580 3533 643 3598 que
659 3519 791 3598 atquae
808 3513 932 3580 babent
948 3515 982 3580 in
1008 3512 1152 3581 Ciuitate
1177 3517 1230 3582 vel
1246 3515 1279 3580 in
1295 3517 1447 3587 districtu

318 3623 468 3694 Ciuitatis
493 3620 657 3705 Tragurii,
675 3619 826 3704 emendi,
853 3619 1075 3706 permutandi,
1091 3621 1124 3686 in
1141 3621 1260 3689 donum
1274 3624 1308 3689 et
1323 3625 1448 3710 pignus

317 3729 541 3816 suscipiendi,
570 3737 604 3798 et
628 3749 723 3798 omne
747 3749 852 3814 genus
878 3737 1067 3800 conuectos
1084 3733 1233 3813 cumeis,
1250 3741 1284 3801 et
1301 3735 1343 3801 de
1362 3738 1447 3823 ipsis

318 3837 415 3906 bonis
441 3845 473 3904 et
497 3838 594 3905 rebus
620 3857 694 3904 eum
720 3837 817 3905 dietis
834 3837 968 3904 Oiuibns
985 3838 1117 3924 Spoleti
1133 3837 1290 3926 faciendi,
1307 3844 1449 3926 quidde
1555 3909 1556 3930 2

317 3945 483 4028 utriusque
500 3945 646 4031 parcium
659 3944 831 4012 uoluntate
857 3945 1022 4031 placuerit
1047 3945 1244 4014 faciendum.
1261 3949 1304 4018 Et
1321 3959 1357 4018 ut
1372 3971 1447 4036 pre·

316 4051 405 4118 dicta
430 4051 541 4119 omnia
567 4059 600 4120 et
624 4051 759 4137 singula
783 4051 881 4118 robur
905 4055 1079 4140 optineant
1105 4052 1280 4140 firmitatis,
1300 4077 1364 4140 que
1380 4059 1449 4146 ipsi
1554 4143 1555 4146 Ἴ

316 4158 451 4227 ludices
477 4166 510 4224 et
536 4159 734 4226 conscilium
759 4180 819 4244 per
843 4179 880 4226 se
904 4175 1050 4245 suosque
1078 4177 1288 4230 successores
1313 4165 1449 4235 nomine

316 4265 395 4334 dicti
411 4266 568 4334 comunis
586 4287 645 4354 per
661 4265 723 4334 boc
738 4268 904 4352 publicum
927 4269 1177 4336 instrumentum
1201 4268 1295 4336 firma
1311 4277 1344 4338 et
1368 4281 1449 4341 rata

316 4373 438 4442 babere
466 4380 565 4456 atque
590 4383 704 4442 tenere
729 4377 964 4460 promiserunt,
992 4383 1025 4444 et
1049 4395 1117 4444 non
1134 4382 1248 4446 contra
1264 4379 1373 4446 iacere
1389 4385 1449 4450 uel

314 4483 437 4566 uenire,
454 4499 491 4548 se
507 4483 695 4566 obligarunt
711 4504 783 4552 curn
798 4483 958 4554 bonorum
973 4503 1054 4570 sepe
1070 4485 1149 4552 dieti
1160 4486 1345 4555 Communis
1360 4489 1448 4556 Tra-

314 4591 477 4674 guriensis
493 4590 708 4674 obligatione.
734 4594 850 4661 Actum
868 4595 901 4661 in
917 4613 1050 4666 camera
1066 4596 1255 4664 Communis
1279 4603 1447 4681 presenti-
