3116 5166
841 791 896 858 bi.

294 973 352 1060 10)
379 975 446 1042 ΙΙΙ.
475 972 596 1065 Miletos
616 975 707 1064 papo
730 991 915 1060 uqycnuaon
940 969 1102 1038 trdembeo
1130 969 1247 1050 Jacob,
1274 967 1428 1034 mmet

765 1077 952 1147 didicoaboa.

402 1257 564 1329 Nicolaus
589 1259 776 1344 Episcopus
802 1275 918 1326 cernue
934 1277 1104 1327 seruorum
1120 1257 1201 1336 Dei,
1219 1256 1342 1325 dilecto
1356 1253 1425 1325 tilio

296 1367 424 1440 Jacobo
441 1368 562 1436 Sancte
578 1367 683 1435 llario
699 1369 733 1433 in
751 1366 813 1432 Via
829 1367 916 1433 Lata
926 1365 1074 1434 Diaccno
1094 1364 1267 1432 Cardinali
1283 1366 1424 1433 salutem

297 1481 330 1546 et
344 1475 571 1563 Apostolicam
587 1473 858 1542 benedictionem.
881 1477 960 1544 Cum
979 1474 1201 1540 venerabilem
1219 1473 1355 1542 fratrem
1373 1492 1425 1538 nc·
1542 1499 1543 1574 j

295 1574 1424 1668 strumPhilippumFirmanumEpiscopnmadUngarie,Polonie,Dal·

296 1692 408 1778 matie,
428 1691 571 1770 Oroatia,
587 1690 703 1775 Reme,
720 1693 844 1771 Servie,
863 1689 1066 1775 bodomarie,
1085 1687 1252 1756 Galitieet
1264 1688 1425 1756 Cumania

296 1808 420 1886 partes,
436 1799 501 1867 sibi
518 1799 692 1866 commisso
708 1797 790 1866 inibi
806 1799 982 1882 legationis
998 1799 1097 1882 plene
1114 1795 1232 1879 officio,
1244 1817 1304 1882 pro
1315 1798 1425 1864 arduis
1542 1787 1545 1854 λ

297 1909 440 1992 negotiis
466 1907 688 1987 destinemus,
713 1907 914 1974 anctoritate
931 1907 1040 1974 eidem
1057 1905 1258 1991 presentium
1275 1903 1426 1989 indulge·
1542 1949 1543 2004 3

300 2033 383 2100 uuus,
401 2021 437 2082 ut
453 2014 566 2081 elerici
583 2015 653 2081 eius
664 2015 720 2098 qui
735 2034 845 2082 secum
862 2035 986 2084 moram
1003 2017 1164 2082 traxerint
1178 2011 1369 2080 huiusmodi
1384 2013 1425 2080 le·
1542 2011 1544 2073 ἒ

297 2122 433 2208 gatione
460 2123 618 2198 durante,
643 2124 698 2190 vel
723 2123 803 2189 alibi
821 2123 863 2190 do
881 2125 1038 2191 mandato
1055 2143 1114 2189 suo
1131 2121 1356 2188 laboraverint
1370 2139 1427 2208 pro

297 2233 438 2318 negotiis
451 2231 514 2299 sibi
539 2228 741 2314 commissis,
760 2238 939 2316 proventus
955 2231 1197 2315 beneficiorum,
1214 2229 1427 2315 dignitatum,

299 2346 333 2406 ct
348 2345 582 2424 personatuum
599 2357 742 2423 suorum,
760 2339 937 2406 cotidianis
954 2337 1242 2407 distributionibus
1255 2339 1428 2404 dumtaxat

299 2449 457 2533 exceptis,
477 2465 550 2514 cum
567 2464 607 2510 ea
623 2446 815 2532 integritate
831 2447 1001 2532 percipere
1018 2449 1162 2525 valeant,
1179 2466 1252 2513 cnm
1270 2464 1339 2531 qua
1353 2445 1426 2512 illos

298 2556 515 2643 perciperent,
533 2552 562 2619 ei
578 2554 795 2638 personaliter
811 2555 844 2620 in
861 2555 1031 2640 Ecclesiis,
1050 2558 1082 2620 in
1099 2555 1215 2636 quibus
1231 2553 1423 2639 dignitates,

299 2669 496 2752 personatus
513 2667 544 2727 et
560 2661 722 2730 beneficia
737 2662 813 2748 ipsa
829 2665 989 2748 obtinent,
1000 2663 1192 2730 residerent.
1202 2663 1277 2730 Non
1295 2663 1427 2731 obstan-

299 2771 389 2856 tibus
414 2769 589 2838 contrariis
613 2769 760 2856 ipsarum
792 2770 1005 2840 eeclesiarum
1038 2771 1351 2858 consuetudinibus,
1378 2775 1429 2840 vel

299 2880 430 2946 statutis
454 2877 656 2964 iuramento,
672 2879 919 2948 confirmatione
936 2880 1034 2947 Sedis
1051 2881 1242 2968 Apostolice
1259 2899 1330 2963 seu,
1348 2899 1428 2964 qua-

302 3005 441 3072 cumque
458 2987 526 3052 alia
542 2984 699 3054 firmitate
714 2987 857 3072 vallatis,
874 2995 932 3054 aut
957 2987 1123 3071 aliquibus
1140 2987 1359 3073 indulgentiis
1383 2989 1429 3056 di-

302 3101 355 3182 cte
371 3093 463 3164 sedis
480 3099 513 3162 ct
529 3093 740 3180 generalibus
756 3094 809 3160 vel
825 3093 1037 3181 specialibus,
1062 3098 1293 3178 cuiuscumque
1308 3099 1430 3166 tenoris
1544 3150 1545 3167 ,

302 3207 456 3290 existant,
466 3222 526 3290 per
541 3221 623 3288 quas
638 3221 703 3270 non
719 3221 899 3290 expressas
916 3205 1134 3290 presentibus,
1145 3205 1197 3270 vel
1208 3205 1356 3274 totaliter
1366 3225 1430 3271 uon

302 3313 445 3381 insertas
469 3329 581 3379 earum
608 3309 746 3377 effectus
781 3309 934 3397 impediri
968 3311 1088 3378 valeat
1114 3311 1364 3396 quomodolibet
1380 3314 1432 3382 rel
1544 3319 1545 3342 ¹

297 3411 437 3491 differri.
448 3418 610 3498 Quocirca
626 3415 819 3486 discretioni
835 3425 893 3486 tue
908 3439 967 3506 per
985 3421 1179 3504 Apostolica
1196 3421 1323 3510 scripta
1339 3439 1430 3488 man·

303 3527 437 3612 damus,
463 3531 710 3610 quatenusper
735 3533 768 3592 te
794 3528 846 3593 vel
872 3545 931 3610 per
957 3527 1059 3594 alium
1076 3539 1135 3594 ant
1151 3529 1236 3599 alios
1252 3533 1431 3615 proventus

304 3635 488 3706 huiusmodi
514 3636 611 3703 dictis
636 3635 768 3701 clericis
794 3636 918 3719 iacias,
946 3635 1038 3703 iuxta
1063 3637 1292 3707 concessionis
1320 3646 1431 3708 nostre

304 3751 460 3832 tenorem,
478 3745 606 3828 integre
621 3743 814 3812 ministrari.
834 3745 1103 3812 Contradictores
1120 3755 1182 3812 etc.
1206 3747 1283 3814 Non
1299 3747 1433 3814 obstan·

304 3851 392 3920 tibus
417 3851 565 3917 omnibns
591 3851 810 3935 supradictis,
837 3871 896 3918 seu
913 3853 944 3918 ai
968 3852 1135 3936 aliquibus
1161 3851 1203 3918 ab
1220 3855 1338 3921 eadem
1355 3851 1433 3921 seda

305 3959 348 4026 sit
364 3957 534 4043 indultum,
552 3961 638 4040 qnod
655 3959 817 4044 interdici,
830 3959 986 4046 suspendi
1002 3962 1057 4028 vel
1073 3962 1352 4029 excommunicari
1368 3979 1434 4028 nun

305 4070 435 4156 possint
450 4085 508 4152 per
524 4064 652 4134 litteras
664 4068 749 4135 dicte
768 4067 868 4154 sedis,
879 4087 943 4154 que
959 4069 1001 4137 de
1017 4067 1142 4136 indulto
1159 4069 1348 4158 huiusmpdi
1363 4071 1433 4158 ple·
1544 4157 1545 4164 ἵ

306 4197 381 4244 narn
408 4185 440 4240 et
465 4192 657 4259 expressam
683 4196 746 4241 non
773 4177 914 4243 fecerint
929 4177 1140 4245 mentionem.
1157 4180 1277 4247 Datum
1295 4177 1433 4248 Viterbii

305 4285 348 4352 X.
365 4283 540 4352 Kalendas
558 4281 718 4351 Octobris.
737 4287 949 4354 Pontificatus
967 4287 1069 4352 rostri
1087 4308 1173 4354 anno
1190 4289 1305 4373 primo.

408 4407 469 4479 (ΙΙΙ.
482 4406 589 4466 tutior
601 4403 681 4481 ptpa
693 4408 895 4484 Rageattibtl.
908 4411 1036 4470 Theiucr
1047 4413 1077 4469 id
1090 4431 1125 4470 m.
1140 4413 1160 4468 Ι.
1177 4413 1205 4470 lr.
1219 4411 1282 4470 330.
1296 4410 1328 4484 Ι.)
