3116 5166
874 279 919 348 64

816 367 973 382 ...ιιι-ο·-

328 479 363 539 ct
378 471 557 542 interdictis
574 473 724 560 exclusis,
741 495 807 543 non
823 475 964 562 pulsatis
982 475 1173 562 campanis,
1191 494 1271 544 voce
1288 477 1455 546 submissa

329 587 362 648 et
379 583 487 650 ianuis
502 581 622 650 clausis
639 582 762 651 Divina
787 584 955 652 celebrare
977 582 1089 650 officia
1105 589 1139 651 et
1155 581 1263 651 lacere
1279 586 1451 670 celebrari,

329 697 361 754 et
375 689 504 776 populis
528 711 713 777 proponere
740 692 871 758 verbnm
898 692 1005 760 crucis
1031 697 1132 776 atque
1158 691 1263 760 crucis
1281 701 1451 761 caractere
1543 689 1544 714 ¹

328 799 512 882 insignitos,
545 799 587 866 ab
605 802 950 886 excommunicatione,
973 819 1070 886 quam
1090 819 1148 886 pro
1160 820 1207 882 eo,
1232 801 1320 888 quod
1344 804 1455 888 sepul·

327 907 441 973 chrum
454 905 659 975 Dominioum
670 915 788 978 contra
796 909 1046 996 prohibitionem
1055 909 1250 994 Legatorum
1260 907 1357 978 Sedis
1367 911 1454 996 Apo·

329 1015 445 1084 stolice
462 1017 649 1103 visitarunt,
666 1024 698 1084 et
713 1019 787 1086 illos
804 1018 916 1104 etiarn,
934 1018 990 1104 qui
1006 1037 1078 1086 cam
1096 1038 1155 1104 pro
1173 1038 1223 1104 eo,
1240 1019 1456 1103 quodSarra·
1544 1073 1545 1100 ,

328 1123 420 1190 cenis
445 1145 572 1195 merces
597 1133 814 1212 portaverunt
838 1133 871 1193 et
895 1147 1007 1212 arma,
1024 1147 1084 1196 seu
1104 1126 1175 1194 alia
1198 1126 1386 1214 prohibita,
1403 1127 1455 1193 vel
1544 1121 1545 1196 ξ

328 1231 452 1300 eisdem
480 1243 592 1300 contra
614 1233 822 1305 Christianos
838 1235 1068 1323 impenderunt
1083 1237 1246 1305 auxilium
1255 1286 1265 1322 ,
1283 1235 1454 1304 consilium

329 1344 383 1411 vel
400 1341 556 1427 savorem,
572 1341 748 1412 dummodo
766 1343 921 1427 quicquid
938 1361 980 1410 ex
996 1343 1182 1410 huiusmodi
1198 1341 1382 1430 dampnato
1398 1361 1452 1408 ac·

329 1450 492 1534 quisivere
509 1451 712 1535 commercio,
732 1459 765 1518 et
780 1451 874 1519 aliud
888 1451 1092 1519 tantumdem
1108 1449 1150 1519 de
1160 1451 1229 1520 suis
1240 1449 1452 1519 facultatibus
1545 1455 1546 1460 ’

329 1561 362 1625 in
387 1557 539 1626 manibus
566 1559 688 1626 vestris
712 1559 896 1646 assignent,
922 1559 957 1626 in
981 1564 1069 1627 terre
1093 1558 1243 1646 predicte
1273 1558 1452 1628 subsidium

251 1647 256 1672 ⁸
292 1727 312 1770 ,κ
329 1665 600 1754 convertendum
618 1687 746 1736 necnon
761 1675 831 1736 tam
848 1669 986 1738 clericos
996 1689 1095 1754 quam
1106 1668 1212 1737 laicos
1222 1669 1455 1754 crucesignan-

329 1779 389 1845 dos
397 1827 408 1863 ,
424 1777 479 1862 qui
494 1797 553 1866 pro
568 1777 717 1845 violenta
741 1778 919 1847 iniectione
945 1797 1099 1846 manuum
1116 1776 1148 1842 iu
1163 1777 1305 1844 clericos
1321 1775 1447 1845 secula-

327 1906 391 1972 res,
408 1887 562 1968 virosque
577 1883 762 1973 religiosos,
780 1886 833 1954 vel
856 1907 915 1973 pro
931 1885 1084 1955 incendio
1105 1903 1164 1952 seu
1178 1885 1356 1971 sacrilegio
1373 1885 1453 1953 inci-

328 1987 446 2062 derunt
462 1995 495 2060 in
512 2013 670 2061 canonem
686 1995 847 2062 sententie
865 1998 1082 2082 promulgate,
1095 1993 1271 2062 absolvere
1287 1993 1450 2062 iuxtasor·
1546 2016 1547 2026 ¹

328 2125 414 2171 mam
442 2103 591 2171 Ecclesie
614 2104 688 2172 vice
713 2111 846 2190 nostra,
862 2104 926 2172 illis
942 2104 1091 2192 exceptis
1100 2154 1111 2188 ,
1127 2122 1265 2190 quorum
1283 2103 1384 2170 fuerit
1400 2122 1451 2168 ex·

329 2229 442 2280 cessus
458 2209 601 2278 difficilis
617 2220 649 2278 ct
665 2214 828 2298 enormis3
846 2218 881 2279 et
897 2233 969 2280 cum
986 2212 1114 2281 clericis
1130 2211 1384 2298 crucesignatis,
1399 2209 1452 2294 qui

328 2341 400 2387 curn
426 2320 774 2388 excommunicationis
800 2323 1001 2390 sententiam
1027 2323 1131 2388 latam
1156 2339 1326 2388 acauoue
1342 2319 1399 2388 vel
1413 2317 1453 2382 ab

329 2429 458 2496 bomine
473 2429 696 2515 incurrissent,
713 2450 750 2498 se
766 2429 897 2498 Divinis
914 2431 1159 2499 immiscuerunt
1174 2427 1304 2512 officiis,
1316 2435 1453 2494 etrece-

329 2544 447 2624 perunt
463 2537 594 2606 ordines
610 2539 657 2606 sic
672 2538 787 2624 legati,
813 2540 986 2606 dnmmodo
1002 2538 1112 2624 passis
1128 2539 1285 2624 dampna,
1302 2538 1358 2604 vel
1375 2533 1454 2601 inin·

328 2646 396 2714 rias
412 2645 623 2714 satisfaciant
648 2655 880 2737 competenter,
898 2655 931 2715 ot
947 2648 1115 2734 nogotium
1129 2645 1316 2716 huiusmodi
1333 2647 1368 2712 in
1382 2663 1454 2730 pro·

328 2756 409 2840 priis
426 2764 665 2842 prosequantur
681 2757 842 2844 personis,
858 2757 914 2825 vel
929 2757 973 2824 ad
985 2755 1047 2822 boc
1062 2757 1096 2824 in
1113 2756 1270 2842 expensis
1286 2753 1357 2820 suis
1374 2751 1454 2840 ydo-

329 2883 410 2930 neos
426 2862 605 2931 bellatores
621 2865 857 2949 transmittant,
869 2864 922 2932 vel
934 2863 1082 2931 debonis
1098 2861 1241 2950 propriis
1257 2863 1351 2930 iuxta
1366 2861 1452 2928 idem

329 2970 500 3038 arbitrium
517 2973 649 3055 aliquod
665 2973 854 3060 impendant
876 2972 1079 3057 subsidium,
1096 2971 1292 3058 dispensare
1308 2971 1455 3057 possitis,

327 3081 833 3168 auctoritateApostolioavobis
845 3082 998 3150 duximus
1015 3082 1274 3152 concedendum.
1293 3077 1451 3146 Preterea

293 3277 296 3284 Δ
329 3208 402 3257 cum
419 3190 567 3258 nonnulli
583 3189 694 3257 clerici
720 3197 752 3257 et
767 3191 847 3259 laici
862 3211 927 3259 non
944 3189 1073 3258 ratione
1089 3190 1304 3259 ecclesiarum
1320 3187 1460 3276 pacifice

330 3305 363 3364 et
387 3298 458 3366 sine
484 3300 706 3367 controversia
731 3299 891 3384 quasdam
918 3298 1071 3367 dicantur
1099 3298 1244 3367 decimas
1270 3297 1456 3383 possidere,

330 3407 416 3492 quod
432 3408 525 3477 vobis
541 3407 584 3474 sit
599 3407 734 3474 liberum
760 3409 802 3475 de
826 3408 986 3478 fructibus
1003 3407 1190 3478 earumdem
1207 3406 1376 3492 perceptis
1392 3407 1459 3472 ba-

329 3524 442 3585 ctenus
453 3568 462 3601 ,
490 3517 615 3585 eisdem
642 3515 771 3584 clericis
798 3523 831 3584 et
856 3516 951 3584 laicis
969 3517 1133 3584 dimittere
1150 3515 1299 3600 quintam
1315 3521 1459 3601 partem,

330 3630 442 3712 eisquc
459 3625 651 3712 concedere,
669 3623 754 3708 qnod
770 3625 937 3693 residuum
953 3624 1113 3692 fructuum
1138 3621 1315 3692 eorundem
1333 3623 1368 3690 in
1384 3643 1461 3710 pre·

268 3793 272 3804 .
331 3734 453 3802 dictum
469 3740 658 3802 convertere
675 3732 857 3801 subsidium
882 3753 941 3818 per
958 3753 994 3800 se
1011 3735 1112 3820 ipsos,
1135 3734 1188 3800 vel
1204 3731 1299 3800 vobis
1316 3734 1346 3798 si
1363 3732 1459 3798 volu·

331 3844 415 3912 erint
439 3845 596 3910 exhibere
622 3843 656 3910 in
682 3843 769 3912 idem
794 3843 960 3929 negotium
986 3840 1259 3927 convertendum;
1294 3839 1343 3907 ita
1369 3839 1465 3924 qnod

331 3954 398 4040 ipsi
412 3953 455 4020 ad
470 3955 710 4024 restitutionem
726 3951 826 4020 etiam
843 3953 884 4020 de
900 3954 1072 4040 premissis
1089 3951 1243 4020 omnibus
1258 3947 1397 4016 minime
1415 3957 1463 4016 te·

331 4070 490 4146 neantur,
507 4061 568 4130 sed
583 4063 661 4130 inde
677 4066 833 4129 maneant
854 4061 984 4147 penitus
1001 4059 1157 4146 absoluti,
1175 4055 1353 4126 dummodo
1369 4057 1464 4126 deci·

331 4191 403 4238 mas
419 4171 507 4257 ipsas
523 4172 672 4239 ecelesiis
689 4174 852 4238 dimittant
876 4171 908 4236 in
925 4176 1110 4258 posterum,
1137 4167 1179 4236 ad
1197 4187 1281 4252 quas
1298 4173 1467 4252 spectant,

331 4281 527 4349 auctoritate
544 4281 756 4350 concedimus
774 4280 974 4366 supradicta.
991 4279 1142 4367 Amplius
1160 4297 1232 4345 cunr
1252 4275 1330 4344 olim
1358 4276 1464 4344 sedes

332 4389 484 4475 predicta
501 4387 714 4458 centesimam
731 4395 945 4477 proventuum
974 4387 1273 4456 ecclesiasticorum
1297 4404 1357 4484 per
1386 4407 1463 4454 orn·

333 4498 389 4564 nia
413 4497 600 4566 Christiana
625 4501 741 4584 Regna
765 4497 911 4565 subsidio
940 4499 1150 4584 deputaverit
1176 4497 1379 4584 supradicto,
1398 4515 1465 4563 neo

331 4609 375 4676 sit
403 4609 623 4691 conveniens,
650 4604 736 4689 quod
760 4607 856 4675 simul
881 4627 939 4694 pro
964 4614 1055 4677 terra
1080 4607 1210 4694 prefata
1224 4607 1289 4674 duo
1305 4605 1467 4674 subsidia
