3156 5158
633 289 755 406 412„

121 505 184 575 chil
200 503 341 594 propriis
356 503 507 571 manibus
516 504 726 591 laborantes3
743 525 815 572 oum
825 503 888 572 hoc
903 506 977 573 sine
993 501 1134 571 maximo
1150 519 1240 570 mun·

121 617 153 683 di
168 613 350 702 preiudioio
366 623 454 680 stare
470 633 533 678 uon
551 613 666 696 possit,
690 615 777 696 quod
793 615 848 696 qui
865 635 931 682 non
947 615 1086 698 laborat,
1104 613 1239 680 mandu-

121 733 183 809 cet,
199 731 231 788 et
245 721 310 788 hoe
325 721 359 786 in
376 719 583 785 multitudine
600 719 730 785 nimium
748 720 918 800 effrenata,
935 721 1108 809 prohibere
1125 722 1239 787 merito

121 831 278 918 debeatis,
295 837 328 896 et
344 829 448 896 eciam
466 829 652 916 Episcopis‚
669 835 705 894 ut
714 829 922 917 prohibeant,
939 837 1131 919 potestatem
1149 831 1241 913 dare,

121 960 163 1007 ne
179 940 382 1008 Conveniam
397 937 566 1024 accipiant
591 941 622 1005 in
640 937 720 1005 locis
737 939 905 1025 omnibus,
930 941 987 1008 ubi
1012 941 1151 1028 placeat.
1177 937 1242 1004 Ubi

121 1056 229 1115 autern
245 1049 309 1115 hoc
325 1047 394 1114 fieri
412 1048 518 1131 possit
534 1053 568 1114 et
584 1047 723 1132 debeat,
750 1047 804 1112 fiat
819 1048 978 1132 requisita
995 1055 1027 1114 et
1043 1054 1183 1134 accepta
1198 1048 1238 1116 E-

120 1155 248 1242 piscopi
263 1156 440 1222 voluntate.

229 1267 319 1349 Item,
336 1271 432 1350 pater
448 1271 480 1330 et
496 1265 627 1333 domine
643 1264 831 1350 reverende,
848 1265 1006 1332 discrecio
1022 1272 1131 1333 uestra
1148 1265 1240 1348 sciat,

121 1373 208 1457 quod
226 1372 329 1439 eciam
346 1373 390 1439 ab
415 1373 490 1438 aliis
516 1373 709 1455 quibusdam
734 1371 898 1458 religiosis
924 1373 1132 1442 Monasteriis
1149 1394 1242 1458 paro-

121 1481 249 1547 chiales
266 1481 404 1547 ecclesie
420 1480 643 1547 diminuuntur
659 1501 700 1548 ex
717 1501 766 1564 eo,
790 1481 876 1564 quod
886 1481 973 1567 laici,
990 1483 1046 1564 qui
1058 1482 1114 1568 jus
1132 1489 1242 1568 patro·

122 1599 220 1655 natus
237 1589 361 1654 habent
376 1589 408 1652 in
426 1588 570 1672 eisdem,
596 1589 760 1670 religiosis
776 1588 983 1656 Mouasteriis
998 1589 1082 1656 illud
1097 1588 1174 1654 dare
1190 1611 1242 1658 so·

123 1699 212 1781 leut;
230 1697 322 1765 ouius
338 1697 514 1763 occasione
531 1695 677 1783 predicta
694 1697 912 1776 llonasteria,
938 1705 1031 1784 parte
1058 1697 1243 1763 reddituum

119 1805 1243 1890 mmmfflmmwwmmmwmwfflmwm

119 1919 325 2000 presentant,
336 1915 391 1980 vix
401 1920 527 1978 tantum
537 1913 731 1997 relinquunt,
742 1918 952 1979 uttaeeamus
964 1913 1005 1980 de
1021 1912 1245 1999 hospitalitate

120 2024 298 2108 servanda,
316 2023 400 2106 quod
417 2021 567 2089 sulficere
583 2021 646 2088 sibi
656 2021 793 2109 possint.
806 2020 1005 2090 Preseutant
1021 2025 1126 2090 eciam
1143 2033 1243 2106 'quan

120 2133 230 2216 doque
247 2133 418 2218 religiosos
429 2133 552 2226 ordinis
569 2131 631 2216 sui,
648 2132 794 2199 diceutes
811 2153 852 2198 ex
868 2132 1148 2219 privilegioSedis
1159 2136 1244 2218 Apo·

120 2243 242 2310 stolice
257 2242 319 2308 boc
335 2241 384 2309 eis
402 2241 520 2324 licere,
539 2245 573 2306 ct
589 2248 746 2308 revocant
772 2260 829 2308 eos
856 2241 986 2323 quando
1011 2245 1143 2329 volunt,
1161 2242 1245 2308 forte

120 2352 273 2417 alienon
291 2350 333 2415 de
349 2368 462 2434 eausa,
480 2347 545 2414 nisi
561 2349 647 2434 quod
663 2351 805 2442 cumeis
821 2371 880 2435 pro
897 2352 983 2417 velle
999 2369 1058 2416 suo
1082 2352 1170 2418 bona
1194 2370 1246 2416 ec·

121 2459 226 2526 clesie
241 2458 374 2523 minime
390 2457 589 2543 parciantur,
607 2458 693 2524 alias
704 2456 862 2544 fingentes
879 2479 998 2527 causas
1016 2467 1128 2526 contra
1145 2459 1244 2543 ipsos,

119 2565 1312 2660 dequilmseoscmaruEpisoopoaocusarerecnsanmssererrtss,=

120 2676 215 2760 quod
230 2693 294 2741 unu
311 2674 455 2742 debeant
470 2673 591 2742 fratres
617 2677 667 2742 sni
692 2674 815 2744 ordinis
840 2675 1002 2744 infamare
1012 2725 1022 2760 ,
1047 2697 1118 2742 eum
1135 2676 1184 2741 illi
1199 2683 1247 2741 ta-

117 2805 198 2852 men
216 2784 382 2872 Episcopo
397 2783 581 2872 presentati
609 2803 717 2852 coram
734 2785 808 2869 ipso
824 2786 927 2852 velint
938 2784 1247 2854 detendere'lamam

117 2911 229 2960 mm

236 3002 325 3070 Sciat
341 3001 446 3070 eciam
472 3009 585 3070 restra
599 3002 782 3086 paternitas
799 3001 991 3086 reverenda,
1009 3001 1094 3086 quod
1110 3010 1247 3085 excepto

115 3111 220 3195 Rege
235 3111 378 3194 Boemie‚
395 3112 448 3194 qui
464 3111 553 3178 solus
576 3117 747 3197 presentat
763 3109 927 3198 Episcopo
954 3111 996 3176 ad
1013 3112 1169 3180 ecclesias
1185 3107 1250 3175 sibi

113 3225 296 3298 vacantes,
313 3219 345 3285 iu
362 3220 479 3304 quibus
496 3221 545 3288 ius
573 3220 700 3286 obtinet
716 3226 926 3305 patronatus,
943 3217 1165 3287 investiendos
1184 3219 1248 3284 cle-

111 3325 1248 3412 rmfflmmfflmmffimfflfflfflmfflmmm

111 3436 368 3520 contradicunt,
385 3438 479 3503 etita
496 3437 681 3504 ascendunt
697 3435 740 3502 ad
765 3438 909 3521 regimen
932 3439 1113 3503 animarum
1139 3455 1250 3501 sacer·

109 3547 247 3627 dotes,
273 3545 421 3612 clavibus
446 3565 512 3612 non
538 3545 712 3632 acceptis:
740 3551 774 3610 et
798 3565 854 3612 eos
879 3545 1060 3612 destituunt
1085 3546 1148 3630 ipsi
1164 3543 1251 3630 laici,

109 3653 263 3738 quando
280 3653 415 3738 placet:
433 3660 467 3719 et
482 3653 544 3720 lroc
559 3653 709 3720 dominus
726 3653 910 3739 Episcopus
925 3655 1103 3739 Pragensis
1119 3659 1252 3740 propter

106 3762 402 3830 consuetudinem
428 3762 525 3830 nimis
551 3764 768 3830 inveteratam
794 3768 828 3827 et
852 3769 986 3848 propter
1013 3763 1252 3829 multitudinem

104 3871 331 3955 generaliter
348 3869 636 3938 contradicentium
654 3869 833 3939 reformare
848 3890 912 3936 non
929 3873 1057 3957 poterit,
1074 3871 1138 3940 uisi
1151 3871 1181 3936 ei
1198 3891 1251 3936 ve-

100 3989 194 4046 stra
223 3979 403 4046 auctoritas
428 3978 634 4064 suffragetur.
660 3979 731 4046 Hoc
756 3981 797 4046 de
822 3981 910 4047 clero
936 3980 1030 4048 robis
1048 3980 1253 4076 scripsimus,

99 4091 218 4156 sicut
232 4085 274 4153 de
289 4086 429 4154 veritate
446 4086 630 4154 omnimoda
645 4087 739 4156 nobis
756 4095 893 4156 constat.

238 4195 289 4260 De
304 4187 518 4280 popularem
534 4193 721 4262 Christiano
747 4198 918 4281 utriusque
934 4216 1034 4263 sexus
1058 4197 1151 4264 vobis
1178 4217 1251 4263 oon-

97 4315 226 4378 stare
241 4306 371 4386 seimus,
388 4309 556 4390 tamquam
573 4306 602 4370 ei
620 4303 675 4389 qui
691 4305 884 4374 Leodiensis
900 4307 1158 4374 Archidiaeonus
1175 4306 1255 4373 exti-

93 4413 1253 4502 fifflffimffifflmmwmmmwmwmmm

89 4531 148 4599 cis
172 4523 346 4607 Synodus
364 4521 559 4605 aliquotiens
576 4525 609 4588 iu
625 4545 712 4592 anuo
729 4545 802 4591 cum
818 4524 912 4592 laicis
928 4527 1053 4594 servari
1070 4525 1253 4608 cousuevit,

88 4639 163 4706 nbi
185 4639 306 4701 testes
322 4631 491 4700 sinodales
516 4635 558 4701 ad
584 4631 647 4701 hoc
666 4635 765 4700 electi
781 4641 815 4700 et
831 4635 926 4701 iurati
943 4635 1104 4720 deponere
1122 4651 1255 4700 consue-

158 4739 284 4784 !OKUM.
296 4739 374 4780 truso.
386 4739 450 4779 lilST.
460 4759 487 4768 --
497 4741 565 4782 nuru.
579 4740 599 4781 9.
1020 4747 1041 4816 2
