3142 5164
518 1031 519 1034 κ
598 943 691 1088 rea.

246 1177 394 1244 &rabbat
410 1177 560 1268 kirrilyuc‘
571 1201 760 1268 upyouuaorr
776 1181 1060 1280 trimphum-1280.

191 1373 366 1444 Elisabeth
382 1375 447 1444 Dei
472 1375 587 1458 'gracia
611 1375 739 1462 Regina
755 1373 926 1461 Hungarie
953 1376 1115 1446 universis
1139 1397 1211 1462 pre-

80 1484 326 1553 sentes-literas
339 1486 536 1572 inspecturis
547 1535 556 1570 ,
585 1486 725 1554 salutem
751 1485 786 1550 in
804 1485 944 1552 Domino
967 1488 1211 1571 sempitem'am.

81 1590 155 1658 Etsi
172 1592 300 1660 cunctis
316 1591 357 1660 de
372 1601 487 1661 nostra
497 1585 709 1679 sperantibus
721 1591 836 1678 'gracia
852 1594 1038 1662 adesseuel
1054 1594 1214 1682 prodesse

80 1701 223 1768 uelimus
249 1707 283 1768 et
307 1707 477 1769 teneamur
492 1721 534 1769 ex
559 1701 669 1768 debito
694 1701 903 1781 honestatis,
929 1702 997 1769 illis
1014 1710 1125 1770 tamen
1151 1716 1212 1790 pr'e

82 1809 204 1876 ceteris
231 1809 410 1895 specialius
437 1811 638 1894 respondere
654 1813 806 1879 volumus
822 1811 974 1898 repensis
990 1812 1152 1898 gratuitis,
1175 1819 1212 1878 ut
1268 1816 1270 1822 '

82 1916 253 1999 debemus,
271 1935 406 2001 quorum
423 1938 485 1994 nos
506 1917 671 1985 inducunt
686 1919 804 1986 merita
829 1921 1003 2003 graciosa,
1030 1925 1062 1986 et
1078 1927 1212 1986 mouent

81 2023 263 2092 fidelitates
280 2023 400 2118 eximie
412 2031 445 2092 et
456 2026 618 2112 insignes.
635 2025 721 2093 Hinc
732 2033 792 2110 est,
810 2027 898 2109 quod
913 2027 1078 2096 ¹universis
1095 2025 1211 2096 tenore

81 2132 292 2225 presencium
316 2130 522 2219 innotescat,
551 2135 638 2218 qnod
655 2153 727 2200 cum
743 2153 803 2200 nos
828 2135 870 2201 de
886 2155 984 2202 mauu
1008 2136 1212 2204 venerabilis

81 2241 188 2325 patris
204 2239 327 2309 domini
344 2243 447 2325 Pauli,
467 2242 551 2310 bone
567 2242 722 2310 memorie
739 2241 907 2324 quondam
924 2243 1084 2329 Episcopi·
1099 2243 1212 2312 Eccle-

81 2350 134 2416 sie
151 2349 428 2438 vesprimiensis,
454 2355 547 2439 cujus
565 2353 720 2420 Presules
736 2373 796 2439 pro
816 2359 970 2439 tempore
985 2353 1155 2420 constituti
1172 2373 1214 2420 ex

82 2461 299 2546 prerogativa
324 2461 472 2547 ejusdem
497 2461 647 2530 Ecclesie
673 2467 707 2528 et
722 2461 844 2528 eximia
867 2463 1040 2544 libertate,
1067 2457 1212 2548 Reginae

83 2567 255 2653 Hungarie
271 2571 433 2657 inungunt
448 2576 481 2659 et
497 2576 665 2660 coronent,
683 2571 719 2637 in
735 2590 800 2655 qua
816 2570 949 2656 quidem
967 2570 1138 2656 Ecclesia,
1161 2575 1212 2637 est

84 2675 384 2773 sedesBeginalis,
401 2681 435 2747 in
449 2679 610 2762 Reginam
629 2680 801 2762 Huugarie
814 2679 947 2747 inuncta
970 2677 1156 2768 fuissemus,
1180 2683 1215 2744 et

84 2783 322 2871 Deo'propiolo
338 2783 599 2872 suscepissemus
615 2785 742 2874 pariter
763 2788 925 2873 Reginale
942 2770 1117 2873 dyadema,
1135 2777 1215 2854 tune

83 2894 294 2980 temporisin
311 2893 408 2963 corde
420 2941 423 2946 -
433 2901 545 2963 nostro
559 2903 673 2964 rotam
688 2897 894 2965 venissemus
921 2895 1087 2981 speciale,
1104 2894 1213 2960 cidem

83 3001 236 3070 Ecclesia
252 3002 488 3088 vesprimiensi
503 3005 681 3090 adinstar,
698 2989 739 3072 ct
749 3005 936 3090 exemplum
963 3005 1101 3071 aliamm
1116 3003 1212 3088 Regi-

82 3131 202 3178 narum
217 3096 403 3197 Huugaric,
417 3113 516 3198 Juxta
530 3132 652 3182 morem
668 3115 800 3182 solitum
815 3115 849 3180 iu
868 3109 1082 3200 possessione
1098 3112 1213 3196 aliqua

83 3218 260 3304 providere
275 3225 433 3305 tanquam
450 3221 522 3308 ejus
538 3223 697 3310 specialis
714 3229 878 3310 patrona,
908 3223 1003 3312 cujus
1019 3220 1065 3288 ad
1083 3238 1164 3304 nos,
1180 3224 1214 3284 et

85 3328 130 3395 ad
146 3328 234 3397 alias
249 3331 399 3416 Reginae
415 3329 586 3420 {longerie
610 3333 807 3401 constitutas
822 3350 882 3418 pro
905 3337 1053 3421 tempore
1065 3328 1122 3422 jus
1135 3348 1213 3420 per-

85 3435 169 3502 tinet
184 3435 391 3522 patronatus.
415 3425 593 3526 Cupientes
609 3439 722 3526 itaque
738 3437 1046 3534 rotumlmjmmodi
1067 3436 1213 3507 debitum

86 3531 271 3628 producere
287 3546 331 3615 ad
347 3547 507 3635 effectum,
524 3549 660 3618 totalem
671 3557 790 3618 terram
803 3549 1032 3638 pincernarum
1042 3555 1076 3616 et
1090 3546 1212 3616 bocha-

85 3655 209 3721 riorum
233 3661 419 3725 nostrorum
444 3657 486 3724 cle
512 3658 678 3727 territorio
704 3678 826 3744 magne
850 3658 931 3728 ville
947 3645 1095 3741 Bereen,
1116 3654 1214 3740 jmrta

87 3761 275 3856 Sumbereu
287 3765 322 3834 iu
339 3756 503 3834 Oomltatu
519 3751 739 3853 Simeghienei
759 3769 993 3852 constitutam,
1010 3765 1165 3833 videlicet
1179 3766 1213 3830 iu

87 3871 186 3940 terris
201 3871 343 3962 fimetis,
368 3875 414 3945 ad
437 3877 596 3944 culturam
615 3877 750 3972 duorum
776 3884 980 3962 aratrorum,
1002 3881 1042 3942 et
1059 3875 1093 3941 in
1117 3873 1214 3942 terris

88 3981 340 4068 campestribus,
357 3985 462 4071 sylvis
478 3985 718 4071 etuemorilms,
735 3987 781 4054 ad
797 3986 1014 4071 quantitatem
1025 4002 1104 4052 usus
1118 3983 1215 4049 trium

89 4095 273 4158 aratrorum
297 4091 515 4160 sufficientem
541 4100 575 4162 et
602 4094 749 4162 sanetum
772 4099 901 4182 septem
927 4093 1155 4162 falcastrorum
1180 4091 1216 4157 in

87 4197 206 4266 eadem
221 4200 388 4288 existens,
413 4209 507 4288 prout
524 4201 568 4271 ad
584 4201 775 4272 mandatum
792 4209 938 4272 nostrum
953 4200 1143 4296 Capitulum
1159 4197 1215 4266 Al-

87 4305 200 4374 bensis
226 4309 377 4380 Ecclesia
401 4313 498 4382 nobis
514 4314 550 4403 iu
565 4313 636 4382 suis
661 4314 768 4382 literis
795 4311 1019 4388 remandavit,
1046 4328 1214 4378 numerum

88 4418 282 4502 qualitatem
292 4426 326 4489 et
335 4423 553 4506 quantitatem
569 4422 713 4489 omnium
723 4422 967 4509 premissomm,
982 4417 1092 4487 eidem
1102 4416 1214 4486 Eccle-
1313 4431 1317 4438 ·

87 4527 139 4596 sie
153 4527 410 4617 Vesprlmieusis
426 4549 469 4600 ex
487 4551 580 4634 mera
595 4529 805 4615 liberalitate,
831 4535 864 4598 et
880 4535 970 4598 certa
993 4525 1218 4595 munificentia

86 4635 251 4729 Reginali,
268 4659 290 4706 a
306 4657 373 4727 qua
386 4638 526 4726 quidem
536 4639 688 4711 Ecclesia
702 4639 844 4710 inrebus
860 4637 1099 4728 temporalibus
1115 4633 1219 4702 multa
