3154 5166
107 1146 113 1154 »
236 1125 546 1212 starasfurt-cca
563 1123 717 1212 capraea„
728 1125 883 1210 jeracon.
900 1098 950 1188 rte
967 1121 1081 1190 occu

202 1324 488 1392 Excellentissimo
499 1321 629 1390 domino
641 1322 798 1391 Ladistao
808 1321 871 1390 Dei
881 1321 994 1406 gracia
1005 1321 1126 1388 illustri
1136 1320 1219 1405 Regi

98 1431 266 1515 Hungarie
283 1431 435 1500 Aliensis
455 1431 604 1500 Ecclesia
621 1431 808 1516 Capitulum
834 1431 1005 1496 oraciones
1030 1431 1061 1494 in
1080 1428 1218 1496 Domino

99 1539 227 1606 debitas
245 1545 278 1606 at
295 1539 442 1608 denotas.
460 1540 603 1606 Litteras
621 1539 831 1606 Excelleneie
842 1545 951 1606 vestre
967 1537 1094 1606 honore
1110 1535 1219 1604 debito

97 1649 281 1734 recepimus
297 1647 330 1713 in
348 1648 410 1714 hec
426 1647 528 1715 verba
545 1672 552 1713 :

205 1753 382 1825 Ladislaus
398 1756 460 1824 sib.
488 1759 699 1832 (kiivetkezika
728 1761 820 1836 kirtly
836 1779 989 1836 parnncsa,
1017 1761 1087 1816 mint
1102 1760 1218 1818 sentebb

100 1869 174 1925 245.
191 1889 228 1926 sa.
246 1869 294 1941 a).

203 1972 273 2038 Nos
290 1971 388 2055 igitur
404 1977 515 2039 vestre
532 1969 744 2040 celsitudinis
771 1970 928 2038 mandato
954 1969 1149 2038 satisfacere
1166 1989 1218 2035 cu·

95 2080 235 2165 pientes,
253 2085 470 2163 atteramur,
488 2099 641 2164 magnum
662 2079 865 2165 Stephanum
892 2077 1105 2165 Capelianum
1122 2076 1219 2144 Obori

98 2189 251 2256 Ecclesia
276 2195 387 2256 nostre
413 2208 512 2275 snper
538 2189 611 2276 ipso
637 2189 772 2275 negocio
800 2188 844 2255 ad
860 2186 1027 2274 predictos
1045 2185 1170 2256 Denem
1187 2193 1220 2253 et

96 2297 257 2384 Baltasay
275 2297 531 2384 transmisimus,
549 2298 604 2382 qni
622 2296 827 2384 postmodum
844 2298 887 2364 ad
904 2318 962 2363 nos
978 2297 1111 2364 rediens
1127 2296 1221 2380 dixit,

96 2406 187 2486 qnod
204 2424 274 2472 cnm
291 2407 360 2493 ipse
377 2406 421 2474 ad
439 2407 553 2474 domos
568 2405 785 2496 predictorum
803 2407 913 2474 Denes
941 2412 975 2470 et
991 2405 1147 2492 Ballesey
1164 2427 1218 2472 ac·

96 2514 265 2598 cessisset,
282 2515 365 2580 idem
378 2517 537 2604 Ballasey
553 2538 617 2586 non
634 2517 920 2600 suissetinnentus,
933 2517 992 2583 sed
1010 2515 1116 2582 dictus
1127 2513 1220 2582 Daue

96 2629 255 2712 precepto
273 2630 380 2692 vestre
392 2622 605 2692 Oeisitndinis
622 2623 854 2710 respondisset,
870 2630 906 2692 vt
921 2630 1055 2710 paratus
1069 2631 1154 2690 esset
1173 2623 1188 2688 s
1208 2663 1218 2671 -

96 2749 173 2794 cere
187 2732 283 2816 juxta
300 2738 489 2818 preceptum
507 2741 615 2800 vestre
631 2733 823 2800 Maiestatis.

275 2922 422 2995 (Eaedetia
438 2945 454 2981 a
471 2945 510 2982 su.
526 2925 649 2983 martoni
663 2923 818 3000 finpttstg
831 2925 1049 2998 ievslttrtbun.)
