3142 5164
654 251 717 321 197

601 349 634 358 ,,.
650 351 654 354 Α

114 453 182 521 tius
198 451 232 519 in
251 451 323 520 eius
340 431 433 520 actus
450 454 676 539 reprobandos
699 453 913 540 insurgeretis
938 471 997 538 pro
1015 451 1244 518 conservanda

113 563 223 648 gloria
240 561 479 648 redemptoris3
504 563 590 646 qnod
608 584 668 633 nos
695 575 727 633 et
743 565 823 633 dicti
840 567 961 633 fratres
987 564 1101 631 oblata
1122 567 1155 626 ct
1171 559 1243 624 Deo

113 676 252 756 accepta
268 671 404 756 gandia,
421 687 494 736 cum
511 670 641 740 efficaci
657 679 690 738 et
708 673 830 742 devota
845 675 964 758 Regali
985 667 1241 758 promptitudine

114 779 156 845 de
172 781 243 847 suis
260 779 409 864 actibus,
432 777 536 846 dante
551 777 713 867 Domino,
737 782 898 852 velociter
923 782 1141 867 colligamus:
1167 776 1241 863 ipse

114 905 247 971 qnoque
264 888 339 972 pins
354 893 452 973 pater
468 888 534 954 sibi
549 889 703 974 placatus
720 890 886 974 arrideat,
911 891 1028 960 solium
1044 897 1077 959 et
1093 891 1241 972 Regnum

115 995 267 1080 predicta
283 996 412 1083 solidet,
429 995 555 1084 dirigat
571 1005 603 1064 et
619 998 783 1081 reformet,
805 1021 847 1068 ac
858 1001 1093 1070 Celsitudinem
1104 999 1240 1085 Regiam

113 1107 302 1204 dssctumque
318 1108 468 1192 Regnum
486 1107 636 1175 ubertate
653 1108 818 1196 secundet,
846 1111 981 1194 Rexque
998 1111 1069 1196 ipse
1085 1110 1239 1195 progeni·

113 1223 220 1283 tomm
237 1237 372 1285 sucrum
388 1235 531 1300 sequens
549 1217 641 1285 clara
657 1219 810 1307 vestigia,
829 1221 978 1304 quolibet
993 1221 1108 1287 nubilo
1125 1219 1238 1306 fugato

109 1326 270 1409 reluceat,
295 1331 329 1392 et
344 1325 442 1410 plene
457 1323 647 1410 percipiens
666 1327 808 1394 nominis
825 1327 937 1396 Dirini
961 1327 1188 1414 fragrantiam,
1206 1333 1240 1394 et

110 1433 281 1502 efficacius
307 1434 353 1502 ad
373 1452 515 1500 amorem
543 1435 614 1500 eins
631 1435 782 1521 allectus,
809 1437 852 1503 ad
869 1436 957 1506 dona
982 1437 1116 1504 celestis
1133 1437 1239 1520 gratie

110 1544 227 1612 valeat
242 1550 411 1628 tamqnam
430 1541 665 1613 benedictionis
682 1545 767 1614 filius
785 1547 967 1633 pervenire,
992 1565 1054 1612 nec
1069 1564 1237 1630 cogamur,

111 1651 201 1735 qnod
226 1651 413 1720 laceremus
439 1649 563 1736 invite,
597 1653 685 1720 circa
710 1652 773 1724 heo
799 1656 869 1723 alia
895 1655 1045 1722 remedia
1081 1656 1237 1739 cogitare.

108 1761 231 1828 Verum
249 1761 328 1845 quia
345 1759 497 1830 sensibus
514 1761 635 1830 nostris
654 1768 705 1829 est
721 1761 780 1828 illa
796 1763 983 1833 sollicitudo
1008 1765 1165 1831 continua
1174 1810 1183 1845 ,
1202 1769 1238 1826 ut

109 1873 412 1954 quantumcumque
438 1875 549 1934 cetera
576 1868 665 1937 orbis
690 1877 778 1938 terre
803 1874 953 1958 negotia,
980 1889 1043 1954 que
1068 1871 1163 1938 nobis
1187 1871 1236 1938 in·

108 1977 267 2044 cumbunt
290 1997 331 2044 ex
356 1975 547 2062 Apostolice
572 1977 739 2045 servitutis
763 1977 893 2063 allicio,
928 1979 1152 2045 diversimodo
1179 1999 1232 2044 no·

107 2096 212 2154 strum
230 2087 374 2152 animum
401 2082 590 2152 distrahant
599 2135 610 2170 ,
634 2086 828 2169 specialiter
843 2087 887 2154 ad
913 2087 1037 2156 dictum
1053 2091 1179 2171 Regem
1195 2106 1235 2154 ao

107 2215 170 2264 ros
196 2201 229 2262 et
244 2200 366 2260 statum
391 2199 537 2261 vestrum
562 2197 683 2263 mentis
703 2195 822 2262 intima
837 2203 1085 2276 convertamus,
1110 2203 1142 2264 et
1158 2196 1235 2263 dum

107 2309 236 2370 tantum
261 2302 412 2388 Regnum
428 2304 461 2366 et
485 2300 535 2368 sio
558 2302 713 2370 devotum
739 2303 1083 2389 populumfluctuare
1110 2302 1236 2386 conspi-

106 2413 231 2494 cimus,
264 2410 442 2496 nequimus
472 2410 568 2478 nobis
600 2413 748 2496 requiem
775 2413 972 2502 indulgere,
1006 2433 1080 2480 cum
1109 2411 1234 2478 talibus

104 2520 262 2589 fluctibus
279 2518 507 2605 principaliter
531 2517 736 2589 fluctuemus.
762 2523 802 2588 Et
818 2523 954 2590 tandem
970 2530 1046 2607 post
1070 2519 1234 2604 cogitatus

106 2631 220 2698 varios
246 2635 280 2694 et
303 2627 428 2696 emissa
452 2627 594 2712 suspiria
618 2629 663 2694 ad
689 2631 794 2698 Deum
820 2637 943 2716 patrem
970 2649 1062 2717 spem
1088 2633 1233 2697 nostram

105 2737 316 2821 reducimus,
345 2743 378 2804 et
393 2736 425 2802 iu
441 2735 536 2804 vobis
561 2756 626 2803 non
643 2738 780 2825 indigne
797 2741 1005 2824 quiescimus,
1034 2757 1116 2821 quos
1133 2736 1233 2803 senti·

105 2867 178 2915 mus
196 2846 327 2914 sincera
343 2845 518 2913 devotione
534 2843 673 2933 fervere,
690 2853 876 2932 sperantes,
903 2847 993 2932 quod
1010 2846 1106 2914 nobis
1123 2852 1156 2911 et
1171 2863 1234 2911 vo·-

104 2957 177 3040 bls,
203 2963 298 3041 patre
315 2960 447 3040 patrum
465 2953 645 3022 assistente
661 2957 852 3044 propositis,
871 2967 1019 3042 tempora
1034 2955 1234 3040 prosperita·

104 3067 150 3134 tis
176 3065 370 3148 advenient,
388 3070 421 3130 et
455 3063 661 3146 augebuntur
686 3065 732 3131 ad
757 3065 887 3132 laudem
922 3067 972 3132 sui
997 3062 1137 3130 nominis
1161 3058 1233 3124 dies

103 3175 197 3242 boni.
221 3173 376 3239 Assumat
392 3165 502 3253 itaque
528 3179 639 3239 vestra
656 3172 787 3239 devotio
803 3173 990 3241 constantie
1022 3169 1181 3255 spiritum,
1200 3173 1232 3232 et

103 3283 309 3368 singulorum
334 3280 452 3348 animis
469 3281 568 3348 robur
594 3280 724 3350 virtutis
742 3281 887 3365 adiciat,
912 3301 953 3346 ne
980 3279 1148 3363 quibusvis
1173 3297 1230 3340 an·

103 3392 287 3476 tractibus,
311 3391 393 3457 inibi
418 3389 498 3458 tides
524 3391 697 3458 Gatbolica
722 3389 916 3474 delitescat,
944 3388 1003 3456 sed
1029 3387 1122 3454 vobis
1147 3385 1230 3452 assi-

102 3501 269 3568 stentibus
293 3499 380 3565 dicto
397 3499 524 3584 Legato
551 3505 585 3566 et
610 3498 851 3566 offirmantibus
878 3499 920 3567 de
942 3499 1029 3566 bono
1056 3497 1089 3562 in
1115 3493 1230 3560 melius

102 3617 200 3675 actus
219 3615 361 3695 vestros,
385 3609 468 3677 fides
485 3611 579 3693 ipsa,
606 3606 729 3692 fugatis
746 3609 962 3693 scismaticis,
988 3604 1165 3694 gloriosius
1183 3604 1231 3669 di·

102 3721 239 3786 latetur.
265 3719 371 3803 Super
396 3738 436 3784 co
461 3736 561 3802 vero,
585 3719 672 3801 quod
696 3717 784 3784 dieto
809 3717 936 3802 Legato
960 3713 1172 3782 laudabiliter
1198 3715 1231 3778 et

101 3829 245 3896 fideliter
264 3827 440 3906 astitistis,
463 3827 613 3912 puritatis
630 3831 740 3894 vestre
758 3827 997 3904 constantiam,
1023 3821 1229 3890 devotionem

100 3939 307 4028 perfectam,
332 3955 431 4021 quam
457 3935 503 4002 ad
528 3936 631 4001 Deum
660 3935 794 4018 geritis,
820 3943 851 4001 et
876 3932 1130 4020 perlectionem,
1165 3949 1231 4012 qna

100 4047 332 4134 idemipsum
358 4043 525 4129 excolitis,
551 4043 650 4128 digne
666 4042 886 4131 percipimus,
912 4049 946 4108 et
970 4041 1047 4108 illas
1074 4038 1230 4123 multipli-

101 4159 186 4225 citer
202 4157 237 4224 in
255 4156 326 4222 Deo
344 4154 637 4234 commendantes,
660 4171 854 4238 speramns,
880 4151 969 4235 quod
987 4151 1146 4218 bonorum
1163 4165 1229 4212 om·

100 4271 193 4338 nium
211 4265 388 4333 retributor
404 4259 518 4328 studia
541 4267 653 4330 vestra
670 4261 764 4329 oculo
782 4260 925 4346 benigno
942 4257 1142 4344 respiciens,
1168 4253 1228 4319 hec

100 4385 135 4446 et
166 4375 257 4459 alia,
300 4393 364 4456 que
394 4373 466 4459 ipso
497 4371 679 4457 inspirante
709 4369 873 4455 feceritis,
911 4369 1005 4436 vobis
1040 4361 1228 4432 munificen-

99 4489 148 4554 tie
165 4501 225 4552 sne
251 4481 361 4567 gratia
386 4479 611 4566 multiplicatis
638 4481 812 4564 manipulis
837 4477 1064 4563 compensabit.
1107 4469 1227 4536 Datum

99 4596 206 4661 Rome
221 4589 312 4676 apud
329 4591 484 4657 Sanctum
504 4591 634 4658 Petrum
650 4587 687 4656 V.
709 4589 786 4657 Idus
810 4587 1017 4670 Decembris,
1042 4573 1227 4667 (Pontifica-

98 4711 153 4770 tns
169 4699 290 4790 nostri)
306 4718 396 4770 annu
411 4699 568 4771 seeundo.
