3116 5166
836 307 998 408 -.Q

351 499 498 590 Ungarie
514 501 619 590 Regis
634 502 776 571 Illustris
794 507 828 570 ct
853 505 991 572 aliarum
1009 507 1153 592 partium
1173 505 1380 592 eurumdem,
1397 529 1468 577 con·

350 613 452 680 misso
477 610 541 678 sibi
568 611 666 696 plene
683 611 862 695 legationis
880 611 1007 697 officio,
1035 614 1225 683 duxerimus
1240 617 1466 700 destinandum,

350 725 533 808 sperantes,
549 720 637 804 quod
654 739 693 789 eo
710 719 844 790 liberius
860 722 1036 790 commissa
1051 724 1115 791 sibi
1134 725 1270 811 negotia
1285 745 1466 810 prosperen-

349 839 422 912 tur,
449 846 513 912 quo
538 827 717 896 maioribus
744 827 842 896 suerit
858 830 1029 900 savoribor
1046 832 1291 902 circumfultus:
1309 833 1465 901 celsitudi-

351 959 425 1005 nem
451 937 589 1022 Regiam
615 956 770 1022 rogamus
795 943 829 1004 et
852 938 1021 1006 hortamur
1035 947 1175 1026 attente,
1193 951 1356 1026 quatenns
1374 941 1464 1008 eidem

351 1045 479 1130 Legata
495 1046 529 1110 in
555 1045 631 1131 uiis,
647 1065 707 1130 pro
725 1045 844 1130 quibus
860 1055 893 1113 te
910 1048 1040 1118 duxerit
1064 1048 1317 1136 requirendum,
1342 1051 1465 1117 clemen·

349 1161 399 1222 ter
415 1157 587 1239 assistens,
606 1157 654 1222 sic
671 1162 704 1222 te
721 1157 785 1222 sibi
804 1156 988 1226 benivolum
1007 1161 1111 1228 verbo
1128 1161 1312 1229 constituas
1338 1168 1372 1226 et
1391 1159 1464 1226 vultu

350 1283 512 1350 serenum,
530 1264 641 1347 qnod
633 1283 704 1351 rpse
719 1266 823 1350 Regio
849 1265 1001 1336 suffultus
1017 1269 1162 1335 anxilio'
1154 1289 1187 1335 ιιι
1206 1267 1399 1352 exequenda
1412 1267 1462 1335 sol

349 1373 523 1440 licitndiue
534 1373 709 1458 legationis
724 1396 754 1442 er
745 1372 1008 1462 oreditepossit
1024 1377 1156 1446 facilius
1174 1377 1430 1464 prosperatio
1383 1383 1430 1458 tou
1432 1393 1463 1440 ne
1536 1297 1538 1436 d

351 1479 559 1568 propterbou
575 1482 693 1550 exinde
711 1483 846 1568 dignis
837 1505 870 1548 nn
888 1485 1028 1552 Domino
1045 1486 1201 1555 laudibus
1222 1485 1395 1554 attollaris.
1409 1483 1462 1547 Da

349 1598 416 1656 tum
429 1590 568 1658 Viterbii
579 1591 621 1658 X.
633 1591 706 1657 Kal.
719 1589 870 1658 Octobris
883 1589 1112 1678 (Pontificatus
1122 1590 1242 1680 nostri)
1260 1613 1349 1661 anno
1364 1593 1460 1677 primo.
1537 1619 1538 1626 ι

456 1700 496 1766 In
513 1721 542 1768 e.
559 1722 601 1766 m.
630 1699 800 1768 carissime
816 1700 848 1766 in
866 1699 997 1769 duriore
1012 1701 1081 1770 filie
1106 1701 1233 1788 Regine
1257 1703 1461 1768 Romanorum

348 1808 482 1876 Illustri.
1537 1793 1538 1822 ¹

456 2002 519 2076 (lll.
532 2004 637 2062 Miklts
650 2003 727 2078 pdpa
739 2006 930 2078 Regestdibdl
944 2004 1071 2064 'Pheiner
1084 2007 1123 2062 id.
1137 2023 1173 2062 m.
1187 2006 1208 2062 1.
1222 2005 1250 2064 k.
1264 2006 1326 2064 830.
1340 2004 1371 2068 l.)

489 3036 527 3124 3)
546 3031 678 3124 Apdpa
695 3035 789 3102 lecolo
798 3037 825 3136 ΙΙ
830 3037 864 3104 V.
881 3037 998 3103 Ldszld
1014 3058 1146 3124 mappas·
1161 3033 1337 3124 kirdlydoz.

419 3305 424 3313 ,
458 3237 618 3305 Nicolans
635 3235 820 3323 Episcopus
838 3254 953 3302 seruus
979 3253 1147 3303 seruorum
1163 3235 1237 3319 Dei,
1255 3233 1415 3300 carissimo
1428 3227 1454 3294 iu

349 3345 479 3414 Christo
496 3343 562 3411 filio
588 3393 596 3411 .
622 3392 629 3408 .
656 3391 663 3406 .
688 3345 772 3428 Regi
798 3345 946 3430 Ungarie
969 3343 1093 3410 Illustri
1110 3345 1252 3412 salutem
1269 3348 1301 3411 et
1316 3337 1455 3430 Apostoli·
1536 3333 1537 3394 ἒ

349 3474 419 3520 cam
445 3452 722 3520 benedictionem.
748 3453 786 3516 In
814 3453 969 3519 eminenti
997 3452 1093 3521 Sedis
1119 3453 1314 3540 Apostolice
1340 3446 1454 3538 speculo

349 3560 544 3648 disponente
560 3557 701 3627 Domino
718 3561 895 3644 constituti,
913 3561 1022 3628 domui
1047 3561 1163 3646 Israel,
1180 3561 1343 3630 uniuersis
1360 3557 1452 3627 rideli-

348 3677 399 3737 eet
415 3667 622 3749 Christianis,
640 3667 695 3754 qui
711 3665 788 3735 fidei
804 3669 907 3737 oculis
925 3667 1029 3736 Deum
1047 3670 1162 3739 vident
1171 3723 1180 3757 ,
1206 3677 1364 3754 quantum
1378 3665 1453 3733 notis

348 3803 390 3851 ox
407 3780 475 3848 alto
493 3781 694 3864 conceditur,
713 3785 907 3865 oportunum
933 3783 1156 3865 speculatoris
1173 3780 1317 3849 officium
1332 3771 1453 3863 imperti·

347 3909 438 3976 mor,
464 3895 498 3956 et
522 3909 596 3957 cnm
621 3889 808 3974 indulgetur
832 3889 992 3958 aDivina
1013 3890 1207 3976 clementis,
1225 3891 1408 3956 reverenter
1421 3877 1454 3948 ad

348 4019 406 4067 cor
430 3997 534 4064 altum
558 3997 768 4081 accedimus,
794 4004 828 4064 ut
853 4017 973 4067 nomen
989 3997 1122 4066 Domini
1138 3997 1389 4067 sanctissimum
1403 3999 1455 4058 tou

348 4111 382 4176 in
398 4107 532 4174 remotis
548 4105 665 4173 extolli
680 4107 840 4192 partibus,
857 4125 956 4190 quom
973 4107 1007 4174 in
1017 4106 1137 4176 vicinis
1148 4106 1455 4192 etiamprocurernus

347 4219 553 4304 opponentes
579 4232 711 4283 manum
737 4221 851 4282 nostre
877 4214 1109 4300 possibilitatis
1135 4215 1179 4283 ad
1199 4233 1354 4301 operam,
1377 4226 1457 4295 quun

346 4343 518 4413 speramus
534 4324 567 4388 in
584 4323 725 4393 excelsis
742 4322 814 4392 lore
830 4323 1008 4409 placidum,
1026 4331 1058 4392 et
1069 4323 1101 4392 in
1113 4323 1209 4392 terris
1220 4323 1457 4405 norinreopor·
1535 4335 1536 4342 ¹

345 4441 468 4502 tunam.
496 4433 650 4502 Summus
674 4433 808 4516 quidem
834 4433 922 4500 orbis
948 4432 1061 4519 opifex
1087 4439 1119 4503 et
1145 4432 1303 4502 universo
1329 4427 1459 4500 conditor

346 4551 513 4623 creatore,
539 4545 725 4611 terrestrem
751 4542 892 4628 patrium
919 4541 1081 4628 disposuit
1108 4543 1169 4612 sub
1196 4542 1339 4628 provida
1353 4539 1459 4608 discre-

345 4653 432 4719 tione
449 4653 649 4736 Regnorum,
665 4670 768 4735 eaque
785 4653 933 4720 consulte
957 4651 1064 4720 uoluit
1088 4649 1187 4736 dirigi
1203 4655 1236 4719 et
1252 4648 1375 4719 salubri
1388 4639 1458 4727 regi·
