<?xml version="1.0" encoding="UTF-8"?>
<!DOCTYPE html PUBLIC "-//W3C//DTD XHTML 1.0 Transitional//EN"
    "http://www.w3.org/TR/xhtml1/DTD/xhtml1-transitional.dtd">
<html xmlns="http://www.w3.org/1999/xhtml" xml:lang="en" lang="en">
 <head>
  <title>
</title>
<meta http-equiv="Content-Type" content="text/html;charset=utf-8" />
  <meta name='ocr-system' content='tesseract 3.04.00' />
  <meta name='ocr-capabilities' content='ocr_page ocr_carea ocr_par ocr_line ocrx_word'/>
</head>
<body>
  <div class='ocr_page' id='page_1' title='image "./codexdiplomatic08wenzgoog_0407.png"; bbox 0 0 3154 5166; ppageno 0'>
   <div class='ocr_carea' id='block_1_1' title="bbox 642 943 722 1010">
    <p class='ocr_par' dir='ltr' id='par_1_1' title="bbox 642 943 722 1010">
     <span class='ocr_line' id='line_1_1' title="bbox 642 943 722 1010; baseline -0.013 0"><span class='ocrx_word' id='word_1_1' title='bbox 642 943 722 1010; x_wconf 73' lang='lat'><strong>24¹.</strong></span> 
     </span>
    </p>
   </div>
   <div class='ocr_carea' id='block_1_2' title="bbox 119 1159 1248 1358">
    <p class='ocr_par' dir='ltr' id='par_1_2' title="bbox 119 1159 1248 1358">
     <span class='ocr_line' id='line_1_2' title="bbox 119 1159 1248 1248; baseline 0.001 -22"><span class='ocrx_word' id='word_1_2' title='bbox 119 1161 180 1227; x_wconf 89' lang='lat' dir='ltr'><strong>IV.</strong></span> <span class='ocrx_word' id='word_1_3' title='bbox 197 1161 316 1227; x_wconf 85' lang='lat' dir='ltr'><strong>Milclo&#39;s</strong></span> <span class='ocrx_word' id='word_1_4' title='bbox 327 1163 417 1248; x_wconf 78' lang='lat' dir='ltr'><strong>prlpu</strong></span> <span class='ocrx_word' id='word_1_5' title='bbox 433 1161 552 1228; x_wconf 79' lang='lat' dir='ltr'><strong>Lc‘calcl</strong></span> <span class='ocrx_word' id='word_1_6' title='bbox 565 1181 699 1247; x_wconf 80' lang='lat' dir='ltr'><strong>mcpyor·</strong></span> <span class='ocrx_word' id='word_1_7' title='bbox 713 1159 834 1246; x_wconf 77' lang='lat' dir='ltr'><strong>kirrilyt</strong></span> <span class='ocrx_word' id='word_1_8' title='bbox 858 1162 947 1226; x_wconf 71' lang='lat' dir='ltr'><strong>isaer</strong></span> <span class='ocrx_word' id='word_1_9' title='bbox 963 1161 1025 1226; x_wconf 75' lang='lat' dir='ltr'><strong>ieri</strong></span> <span class='ocrx_word' id='word_1_10' title='bbox 1033 1210 1042 1245; x_wconf 91' lang='lat'><strong>,</strong></span> <span class='ocrx_word' id='word_1_11' title='bbox 1069 1161 1151 1246; x_wconf 74' lang='lat' dir='ltr'><strong>liopy</strong></span> <span class='ocrx_word' id='word_1_12' title='bbox 1167 1160 1248 1227; x_wconf 84' lang='lat' dir='ltr'><strong>Bea-</strong></span> 
     </span>
     <span class='ocr_line' id='line_1_3' title="bbox 236 1267 1127 1358; baseline -0.001 -24"><span class='ocrx_word' id='word_1_13' title='bbox 236 1280 345 1334; x_wconf 82' lang='lat' dir='ltr'><strong>cecato</strong></span> <span class='ocrx_word' id='word_1_14' title='bbox 362 1268 511 1358; x_wconf 75' lang='lat' dir='ltr'><strong>euqchiaa&#39;</strong></span> <span class='ocrx_word' id='word_1_15' title='bbox 520 1268 651 1358; x_wconf 79' lang='lat' dir='ltr'><strong>pilapdle</strong></span> <span class='ocrx_word' id='word_1_16' title='bbox 666 1271 837 1334; x_wconf 77' lang='lat' dir='ltr'><strong>tarsdcsdra</strong></span> <span class='ocrx_word' id='word_1_17' title='bbox 853 1267 1009 1356; x_wconf 80' lang='lat' dir='ltr'><strong>lrajoljcrc.</strong></span> <span class='ocrx_word' id='word_1_18' title='bbox 1029 1269 1127 1334; x_wconf 84' lang='lat'><em>1290.</em></span> 
     </span>
    </p>
   </div>
   <div class='ocr_carea' id='block_1_3' title="bbox 117 1484 1251 4730">
    <p class='ocr_par' dir='ltr' id='par_1_3' title="bbox 117 1484 1251 4730">
     <span class='ocr_line' id='line_1_4' title="bbox 228 1484 1251 1572; baseline 0.001 -18"><span class='ocrx_word' id='word_1_19' title='bbox 228 1484 387 1554; x_wconf 87' lang='lat' dir='ltr'><strong>Nicolans</strong></span> <span class='ocrx_word' id='word_1_20' title='bbox 404 1487 586 1572; x_wconf 80' lang='lat' dir='ltr'><strong>Episcopus</strong></span> <span class='ocrx_word' id='word_1_21' title='bbox 612 1502 727 1552; x_wconf 86' lang='lat' dir='ltr'><strong>seruus</strong></span> <span class='ocrx_word' id='word_1_22' title='bbox 756 1501 921 1552; x_wconf 90' lang='lat' dir='ltr'><strong>seruorum</strong></span> <span class='ocrx_word' id='word_1_23' title='bbox 939 1484 1003 1550; x_wconf 87' lang='lat' dir='ltr'><strong>Dei</strong></span> <span class='ocrx_word' id='word_1_24' title='bbox 1028 1485 1200 1554; x_wconf 88' lang='lat' dir='ltr'><strong>carissimo</strong></span> <span class='ocrx_word' id='word_1_25' title='bbox 1217 1487 1251 1554; x_wconf 93' lang='lat' dir='ltr'><strong>in</strong></span> 
     </span>
     <span class='ocr_line' id='line_1_5' title="bbox 119 1591 1247 1678; baseline -0.004 -13"><span class='ocrx_word' id='word_1_26' title='bbox 119 1593 251 1665; x_wconf 72' lang='lat' dir='ltr'><strong>Christo</strong></span> <span class='ocrx_word' id='word_1_27' title='bbox 267 1593 334 1662; x_wconf 86' lang='lat' dir='ltr'><strong>lilio</strong></span> <span class='ocrx_word' id='word_1_28' title='bbox 345 1595 381 1660; x_wconf 89' lang='lat' dir='ltr'><strong>L.</strong></span> <span class='ocrx_word' id='word_1_29' title='bbox 399 1593 483 1677; x_wconf 87' lang='lat' dir='ltr'><strong>Regi</strong></span> <span class='ocrx_word' id='word_1_30' title='bbox 499 1591 647 1674; x_wconf 81' lang='lat' dir='ltr'><strong>Ungarie</strong></span> <span class='ocrx_word' id='word_1_31' title='bbox 663 1591 795 1674; x_wconf 78' lang='lat' dir='ltr'><strong>Illustri,</strong></span> <span class='ocrx_word' id='word_1_32' title='bbox 814 1591 954 1658; x_wconf 88' lang='lat' dir='ltr'><strong>salutem</strong></span> <span class='ocrx_word' id='word_1_33' title='bbox 971 1597 1004 1658; x_wconf 89' lang='lat' dir='ltr'><strong>et</strong></span> <span class='ocrx_word' id='word_1_34' title='bbox 1018 1591 1247 1678; x_wconf 84' lang='lat' dir='ltr'><strong>Apostolicam</strong></span> 
     </span>
     <span class='ocr_line' id='line_1_6' title="bbox 119 1698 1251 1785; baseline 0.001 -16"><span class='ocrx_word' id='word_1_35' title='bbox 119 1701 394 1770; x_wconf 73' lang='lat' dir='ltr'><strong>benedictionem.</strong></span> <span class='ocrx_word' id='word_1_36' title='bbox 406 1701 496 1768; x_wconf 89' lang='lat' dir='ltr'><strong>Inter</strong></span> <span class='ocrx_word' id='word_1_37' title='bbox 507 1707 626 1784; x_wconf 85' lang='lat' dir='ltr'><strong>cetera,</strong></span> <span class='ocrx_word' id='word_1_38' title='bbox 638 1719 701 1784; x_wconf 88' lang='lat' dir='ltr'><strong>que</strong></span> <span class='ocrx_word' id='word_1_39' title='bbox 712 1699 918 1785; x_wconf 82' lang='lat' dir='ltr'><strong>regnantium</strong></span> <span class='ocrx_word' id='word_1_40' title='bbox 934 1698 1106 1766; x_wconf 86' lang='lat' dir='ltr'><strong>stabiliunt</strong></span> <span class='ocrx_word' id='word_1_41' title='bbox 1122 1700 1206 1769; x_wconf 84' lang='lat' dir='ltr'><strong>solia</strong></span> <span class='ocrx_word' id='word_1_42' title='bbox 1217 1712 1251 1770; x_wconf 92' lang='lat' dir='ltr'><strong>et</strong></span> 
     </span>
     <span class='ocr_line' id='line_1_7' title="bbox 119 1810 1248 1896; baseline -0.004 -15"><span class='ocrx_word' id='word_1_43' title='bbox 119 1813 305 1896; x_wconf 80' lang='lat' dir='ltr'><strong>Principum</strong></span> <span class='ocrx_word' id='word_1_44' title='bbox 316 1819 413 1896; x_wconf 88' lang='lat' dir='ltr'><strong>gesta</strong></span> <span class='ocrx_word' id='word_1_45' title='bbox 424 1812 617 1889; x_wconf 83' lang='lat' dir='ltr'><strong>clarificant,</strong></span> <span class='ocrx_word' id='word_1_46' title='bbox 632 1811 695 1878; x_wconf 88' lang='lat' dir='ltr'><strong>lroc</strong></span> <span class='ocrx_word' id='word_1_47' title='bbox 706 1810 895 1895; x_wconf 77' lang='lat' dir='ltr'><strong>precipuum</strong></span> <span class='ocrx_word' id='word_1_48' title='bbox 906 1815 939 1876; x_wconf 92' lang='lat' dir='ltr'><strong>et</strong></span> <span class='ocrx_word' id='word_1_49' title='bbox 954 1811 1161 1895; x_wconf 88' lang='lat' dir='ltr'><strong>potissimum</strong></span> <span class='ocrx_word' id='word_1_50' title='bbox 1178 1811 1248 1878; x_wconf 86' lang='lat' dir='ltr'><strong>fore</strong></span> 
     </span>
     <span class='ocr_line' id='line_1_8' title="bbox 119 1919 1250 2007; baseline 0.002 -21"><span class='ocrx_word' id='word_1_51' title='bbox 119 1920 309 2006; x_wconf 89' lang='lat' dir='ltr'><strong>dinoscitur,</strong></span> <span class='ocrx_word' id='word_1_52' title='bbox 326 1927 360 1986; x_wconf 91' lang='lat' dir='ltr'><strong>ut</strong></span> <span class='ocrx_word' id='word_1_53' title='bbox 377 1921 442 2007; x_wconf 92' lang='lat' dir='ltr'><strong>ipsi</strong></span> <span class='ocrx_word' id='word_1_54' title='bbox 461 1921 577 1988; x_wconf 90' lang='lat' dir='ltr'><strong>erectis</strong></span> <span class='ocrx_word' id='word_1_55' title='bbox 594 1919 637 1986; x_wconf 85' lang='lat' dir='ltr'><strong>ad</strong></span> <span class='ocrx_word' id='word_1_56' title='bbox 663 1920 767 1987; x_wconf 89' lang='lat' dir='ltr'><strong>celum</strong></span> <span class='ocrx_word' id='word_1_57' title='bbox 785 1919 986 1987; x_wconf 83' lang='lat' dir='ltr'><strong>mentalibus</strong></span> <span class='ocrx_word' id='word_1_58' title='bbox 1002 1920 1106 1988; x_wconf 89' lang='lat' dir='ltr'><strong>oculis</strong></span> <span class='ocrx_word' id='word_1_59' title='bbox 1124 1921 1250 2007; x_wconf 84' lang='lat' dir='ltr'><strong>Regem</strong></span> 
     </span>
     <span class='ocr_line' id='line_1_9' title="bbox 118 2029 1250 2116; baseline 0 -19"><span class='ocrx_word' id='word_1_60' title='bbox 118 2031 266 2114; x_wconf 85' lang='lat' dir='ltr'><strong>Regum,</strong></span> <span class='ocrx_word' id='word_1_61' title='bbox 292 2049 351 2116; x_wconf 89' lang='lat' dir='ltr'><strong>per</strong></span> <span class='ocrx_word' id='word_1_62' title='bbox 376 2048 474 2114; x_wconf 87' lang='lat' dir='ltr'><strong>quem</strong></span> <span class='ocrx_word' id='word_1_63' title='bbox 489 2030 622 2115; x_wconf 89' lang='lat' dir='ltr'><strong>regendi</strong></span> <span class='ocrx_word' id='word_1_64' title='bbox 638 2029 766 2096; x_wconf 90' lang='lat' dir='ltr'><strong>titulum</strong></span> <span class='ocrx_word' id='word_1_65' title='bbox 783 2035 1006 2115; x_wconf 90' lang='lat' dir='ltr'><strong>susceperunt,</strong></span> <span class='ocrx_word' id='word_1_66' title='bbox 1032 2036 1250 2098; x_wconf 87' lang='lat' dir='ltr'><strong>revereantur</strong></span> 
     </span>
     <span class='ocr_line' id='line_1_10' title="bbox 123 2137 1246 2224; baseline 0.003 -21"><span class='ocrx_word' id='word_1_67' title='bbox 123 2138 297 2222; x_wconf 90' lang='lat' dir='ltr'><strong>burniliter,</strong></span> <span class='ocrx_word' id='word_1_68' title='bbox 315 2141 448 2223; x_wconf 89' lang='lat' dir='ltr'><strong>eiusque</strong></span> <span class='ocrx_word' id='word_1_69' title='bbox 464 2137 684 2224; x_wconf 83' lang='lat' dir='ltr'><strong>beneplacitis</strong></span> <span class='ocrx_word' id='word_1_70' title='bbox 700 2155 736 2203; x_wconf 90' lang='lat' dir='ltr'><strong>se</strong></span> <span class='ocrx_word' id='word_1_71' title='bbox 753 2143 930 2223; x_wconf 80' lang='lat' dir='ltr'><strong>coaptent,</strong></span> <span class='ocrx_word' id='word_1_72' title='bbox 948 2155 1050 2220; x_wconf 91' lang='lat' dir='ltr'><strong>seque</strong></span> <span class='ocrx_word' id='word_1_73' title='bbox 1066 2137 1246 2206; x_wconf 87' lang='lat' dir='ltr'><strong>Sacrosan·</strong></span> 
     </span>
     <span class='ocr_line' id='line_1_11' title="bbox 121 2243 1249 2333; baseline 0.003 -22"><span class='ocrx_word' id='word_1_74' title='bbox 121 2251 173 2311; x_wconf 91' lang='lat' dir='ltr'><strong>cte</strong></span> <span class='ocrx_word' id='word_1_75' title='bbox 189 2247 341 2314; x_wconf 83' lang='lat' dir='ltr'><strong>Ecclesia</strong></span> <span class='ocrx_word' id='word_1_76' title='bbox 357 2248 495 2315; x_wconf 88' lang='lat' dir='ltr'><strong>devotos</strong></span> <span class='ocrx_word' id='word_1_77' title='bbox 512 2247 702 2332; x_wconf 81' lang='lat' dir='ltr'><strong>exhibeant,</strong></span> <span class='ocrx_word' id='word_1_78' title='bbox 719 2253 754 2312; x_wconf 89' lang='lat' dir='ltr'><strong>ut</strong></span> <span class='ocrx_word' id='word_1_79' title='bbox 770 2265 880 2313; x_wconf 90' lang='lat' dir='ltr'><strong>eorum</strong></span> <span class='ocrx_word' id='word_1_80' title='bbox 894 2243 1033 2330; x_wconf 85' lang='lat' dir='ltr'><strong>animos,</strong></span> <span class='ocrx_word' id='word_1_81' title='bbox 1046 2248 1165 2329; x_wconf 91' lang='lat' dir='ltr'><strong>quibus</strong></span> <span class='ocrx_word' id='word_1_82' title='bbox 1176 2268 1249 2333; x_wconf 89' lang='lat' dir='ltr'><strong>prc-</strong></span> 
     </span>
     <span class='ocr_line' id='line_1_12' title="bbox 119 2351 1251 2442; baseline 0.002 -22"><span class='ocrx_word' id='word_1_83' title='bbox 119 2357 206 2436; x_wconf 83' lang='lat' dir='ltr'><strong>sunt,</strong></span> <span class='ocrx_word' id='word_1_84' title='bbox 224 2353 268 2421; x_wconf 89' lang='lat' dir='ltr'><strong>ad</strong></span> <span class='ocrx_word' id='word_1_85' title='bbox 280 2376 387 2442; x_wconf 87' lang='lat' dir='ltr'><strong>opera</strong></span> <span class='ocrx_word' id='word_1_86' title='bbox 403 2355 521 2421; x_wconf 90' lang='lat' dir='ltr'><strong>salutis</strong></span> <span class='ocrx_word' id='word_1_87' title='bbox 534 2354 693 2436; x_wconf 87' lang='lat' dir='ltr'><strong>alliciant,</strong></span> <span class='ocrx_word' id='word_1_88' title='bbox 712 2360 816 2438; x_wconf 88' lang='lat' dir='ltr'><strong>etper</strong></span> <span class='ocrx_word' id='word_1_89' title='bbox 831 2351 1015 2438; x_wconf 85' lang='lat' dir='ltr'><strong>exemplum</strong></span> <span class='ocrx_word' id='word_1_90' title='bbox 1032 2353 1251 2423; x_wconf 81' lang='lat' dir='ltr'><strong>laudabilium</strong></span> 
     </span>
     <span class='ocr_line' id='line_1_13' title="bbox 121 2461 1250 2546; baseline 0.002 -18"><span class='ocrx_word' id='word_1_91' title='bbox 121 2461 285 2531; x_wconf 84' lang='lat' dir='ltr'><strong>actionum</strong></span> <span class='ocrx_word' id='word_1_92' title='bbox 303 2466 378 2532; x_wconf 91' lang='lat' dir='ltr'><strong>illos</strong></span> <span class='ocrx_word' id='word_1_93' title='bbox 394 2465 434 2528; x_wconf 89' lang='lat' dir='ltr'><strong>ad</strong></span> <span class='ocrx_word' id='word_1_94' title='bbox 452 2484 493 2532; x_wconf 89' lang='lat' dir='ltr'><strong>ea</strong></span> <span class='ocrx_word' id='word_1_95' title='bbox 510 2464 679 2532; x_wconf 87' lang='lat' dir='ltr'><strong>hortentur</strong></span> <span class='ocrx_word' id='word_1_96' title='bbox 696 2468 728 2528; x_wconf 87' lang='lat' dir='ltr'><strong>ct</strong></span> <span class='ocrx_word' id='word_1_97' title='bbox 744 2463 898 2546; x_wconf 82' lang='lat' dir='ltr'><strong>excitent,</strong></span> <span class='ocrx_word' id='word_1_98' title='bbox 915 2482 980 2546; x_wconf 92' lang='lat' dir='ltr'><strong>que</strong></span> <span class='ocrx_word' id='word_1_99' title='bbox 996 2470 1072 2530; x_wconf 89' lang='lat' dir='ltr'><strong>sunt</strong></span> <span class='ocrx_word' id='word_1_100' title='bbox 1088 2464 1160 2532; x_wconf 89' lang='lat' dir='ltr'><strong>Dei.</strong></span> <span class='ocrx_word' id='word_1_101' title='bbox 1177 2466 1250 2533; x_wconf 89' lang='lat' dir='ltr'><strong>Hoc</strong></span> 
     </span>
     <span class='ocr_line' id='line_1_14' title="bbox 118 2571 1248 2660; baseline 0.004 -22"><span class='ocrx_word' id='word_1_102' title='bbox 118 2571 269 2658; x_wconf 84' lang='lat' dir='ltr'><strong>prolecto</strong></span> <span class='ocrx_word' id='word_1_103' title='bbox 287 2575 434 2658; x_wconf 90' lang='lat' dir='ltr'><strong>plerique</strong></span> <span class='ocrx_word' id='word_1_104' title='bbox 450 2574 497 2638; x_wconf 90' lang='lat' dir='ltr'><strong>tui</strong></span> <span class='ocrx_word' id='word_1_105' title='bbox 512 2574 741 2660; x_wconf 84' lang='lat' dir='ltr'><strong>progenitores</strong></span> <span class='ocrx_word' id='word_1_106' title='bbox 757 2571 883 2651; x_wconf 91' lang='lat' dir='ltr'><strong>incliti,</strong></span> <span class='ocrx_word' id='word_1_107' title='bbox 899 2573 964 2641; x_wconf 89' lang='lat' dir='ltr'><strong>fide</strong></span> <span class='ocrx_word' id='word_1_108' title='bbox 980 2572 1125 2660; x_wconf 88' lang='lat' dir='ltr'><strong>preclari</strong></span> <span class='ocrx_word' id='word_1_109' title='bbox 1143 2581 1176 2642; x_wconf 91' lang='lat' dir='ltr'><strong>et</strong></span> <span class='ocrx_word' id='word_1_110' title='bbox 1193 2575 1248 2642; x_wconf 90' lang='lat' dir='ltr'><strong>de·</strong></span> 
     </span>
     <span class='ocr_line' id='line_1_15' title="bbox 119 2679 1246 2766; baseline 0 -20"><span class='ocrx_word' id='word_1_111' title='bbox 119 2681 254 2750; x_wconf 86' lang='lat' dir='ltr'><strong>votione</strong></span> <span class='ocrx_word' id='word_1_112' title='bbox 268 2683 399 2766; x_wconf 84' lang='lat' dir='ltr'><strong>sinceri,</strong></span> <span class='ocrx_word' id='word_1_113' title='bbox 417 2682 608 2766; x_wconf 88' lang='lat' dir='ltr'><strong>diligentius</strong></span> <span class='ocrx_word' id='word_1_114' title='bbox 625 2679 844 2764; x_wconf 86' lang='lat' dir='ltr'><strong>attendentes,</strong></span> <span class='ocrx_word' id='word_1_115' title='bbox 862 2681 910 2748; x_wconf 85' lang='lat' dir='ltr'><strong>sic</strong></span> <span class='ocrx_word' id='word_1_116' title='bbox 927 2699 964 2747; x_wconf 86' lang='lat' dir='ltr'><strong>se</strong></span> <span class='ocrx_word' id='word_1_117' title='bbox 974 2699 1090 2765; x_wconf 90' lang='lat' dir='ltr'><strong>gerere</strong></span> <span class='ocrx_word' id='word_1_118' title='bbox 1106 2683 1246 2766; x_wconf 90' lang='lat' dir='ltr'><strong>pruden-</strong></span> 
     </span>
     <span class='ocr_line' id='line_1_16' title="bbox 117 2788 1245 2875; baseline 0.004 -21"><span class='ocrx_word' id='word_1_119' title='bbox 117 2793 178 2875; x_wconf 86' lang='lat' dir='ltr'><strong>ter,</strong></span> <span class='ocrx_word' id='word_1_120' title='bbox 195 2791 270 2858; x_wconf 93' lang='lat' dir='ltr'><strong>dum</strong></span> <span class='ocrx_word' id='word_1_121' title='bbox 286 2791 447 2874; x_wconf 82' lang='lat' dir='ltr'><strong>virerent,</strong></span> <span class='ocrx_word' id='word_1_122' title='bbox 466 2791 512 2857; x_wconf 89' lang='lat' dir='ltr'><strong>sic</strong></span> <span class='ocrx_word' id='word_1_123' title='bbox 529 2789 720 2858; x_wconf 89' lang='lat' dir='ltr'><strong>salubribus</strong></span> <span class='ocrx_word' id='word_1_124' title='bbox 747 2799 779 2856; x_wconf 92' lang='lat' dir='ltr'><strong>et</strong></span> <span class='ocrx_word' id='word_1_125' title='bbox 795 2788 1020 2857; x_wconf 83' lang='lat' dir='ltr'><strong>laudabilibus</strong></span> <span class='ocrx_word' id='word_1_126' title='bbox 1036 2790 1169 2858; x_wconf 87' lang='lat' dir='ltr'><strong>actibus</strong></span> <span class='ocrx_word' id='word_1_127' title='bbox 1186 2811 1245 2858; x_wconf 93' lang='lat' dir='ltr'><strong>so-</strong></span> 
     </span>
     <span class='ocr_line' id='line_1_17' title="bbox 119 2895 1246 2983; baseline 0.003 -19"><span class='ocrx_word' id='word_1_128' title='bbox 119 2899 221 2966; x_wconf 87' lang='lat' dir='ltr'><strong>lerter</strong></span> <span class='ocrx_word' id='word_1_129' title='bbox 246 2897 400 2967; x_wconf 83' lang='lat' dir='ltr'><strong>insistere</strong></span> <span class='ocrx_word' id='word_1_130' title='bbox 426 2898 637 2978; x_wconf 80' lang='lat' dir='ltr'><strong>studuerunt,</strong></span> <span class='ocrx_word' id='word_1_131' title='bbox 663 2898 749 2983; x_wconf 91' lang='lat' dir='ltr'><strong>quod</strong></span> <span class='ocrx_word' id='word_1_132' title='bbox 775 2898 809 2964; x_wconf 93' lang='lat' dir='ltr'><strong>in</strong></span> <span class='ocrx_word' id='word_1_133' title='bbox 835 2896 1000 2966; x_wconf 88' lang='lat' dir='ltr'><strong>subiectos</strong></span> <span class='ocrx_word' id='word_1_134' title='bbox 1016 2897 1080 2964; x_wconf 93' lang='lat' dir='ltr'><strong>sibi</strong></span> <span class='ocrx_word' id='word_1_135' title='bbox 1099 2895 1246 2967; x_wconf 85' lang='lat' dir='ltr'><strong>fidelium</strong></span> 
     </span>
     <span class='ocr_line' id='line_1_18' title="bbox 118 3005 1249 3095; baseline 0 -21"><span class='ocrx_word' id='word_1_136' title='bbox 118 3007 260 3095; x_wconf 88' lang='lat' dir='ltr'><strong>populos</strong></span> <span class='ocrx_word' id='word_1_137' title='bbox 277 3006 478 3073; x_wconf 88' lang='lat' dir='ltr'><strong>laudandum</strong></span> <span class='ocrx_word' id='word_1_138' title='bbox 496 3012 529 3074; x_wconf 91' lang='lat' dir='ltr'><strong>et</strong></span> <span class='ocrx_word' id='word_1_139' title='bbox 544 3025 646 3074; x_wconf 85' lang='lat' dir='ltr'><strong>suave</strong></span> <span class='ocrx_word' id='word_1_140' title='bbox 672 3007 818 3090; x_wconf 87' lang='lat' dir='ltr'><strong>regimen</strong></span> <span class='ocrx_word' id='word_1_141' title='bbox 834 3010 1047 3092; x_wconf 86' lang='lat' dir='ltr'><strong>exercentes,</strong></span> <span class='ocrx_word' id='word_1_142' title='bbox 1073 3005 1169 3075; x_wconf 90' lang='lat' dir='ltr'><strong>bonis</strong></span> <span class='ocrx_word' id='word_1_143' title='bbox 1186 3029 1249 3074; x_wconf 89' lang='lat' dir='ltr'><strong>mc·</strong></span> 
     </span>
     <span class='ocr_line' id='line_1_19' title="bbox 119 3113 1247 3201; baseline 0.002 -19"><span class='ocrx_word' id='word_1_144' title='bbox 119 3117 212 3183; x_wconf 87' lang='lat' dir='ltr'><strong>ribus</strong></span> <span class='ocrx_word' id='word_1_145' title='bbox 228 3116 445 3184; x_wconf 83' lang='lat' dir='ltr'><strong>informarunt</strong></span> <span class='ocrx_word' id='word_1_146' title='bbox 468 3115 602 3184; x_wconf 86' lang='lat' dir='ltr'><strong>eosdem</strong></span> <span class='ocrx_word' id='word_1_147' title='bbox 628 3123 661 3182; x_wconf 88' lang='lat' dir='ltr'><strong>et</strong></span> <span class='ocrx_word' id='word_1_148' title='bbox 687 3113 885 3182; x_wconf 86' lang='lat' dir='ltr'><strong>induxerunt</strong></span> <span class='ocrx_word' id='word_1_149' title='bbox 913 3115 1110 3201; x_wconf 88' lang='lat' dir='ltr'><strong>propensius</strong></span> <span class='ocrx_word' id='word_1_150' title='bbox 1127 3115 1172 3182; x_wconf 88' lang='lat' dir='ltr'><strong>ad</strong></span> <span class='ocrx_word' id='word_1_151' title='bbox 1189 3117 1247 3184; x_wconf 92' lang='lat' dir='ltr'><strong>Di·</strong></span> 
     </span>
     <span class='ocr_line' id='line_1_20' title="bbox 119 3220 1248 3308; baseline 0.003 -19"><span class='ocrx_word' id='word_1_152' title='bbox 119 3224 200 3289; x_wconf 85' lang='lat' dir='ltr'><strong>vina</strong></span> <span class='ocrx_word' id='word_1_153' title='bbox 218 3221 426 3308; x_wconf 87' lang='lat' dir='ltr'><strong>beneplacita</strong></span> <span class='ocrx_word' id='word_1_154' title='bbox 442 3222 654 3306; x_wconf 86' lang='lat' dir='ltr'><strong>exequenda;</strong></span> <span class='ocrx_word' id='word_1_155' title='bbox 682 3222 728 3288; x_wconf 91' lang='lat' dir='ltr'><strong>ita</strong></span> <span class='ocrx_word' id='word_1_156' title='bbox 753 3220 842 3304; x_wconf 90' lang='lat' dir='ltr'><strong>qnod</strong></span> <span class='ocrx_word' id='word_1_157' title='bbox 868 3241 981 3290; x_wconf 91' lang='lat' dir='ltr'><strong>eorum</strong></span> <span class='ocrx_word' id='word_1_158' title='bbox 998 3221 1099 3306; x_wconf 84' lang='lat' dir='ltr'><strong>aliqui</strong></span> <span class='ocrx_word' id='word_1_159' title='bbox 1115 3243 1180 3290; x_wconf 94' lang='lat' dir='ltr'><strong>non</strong></span> <span class='ocrx_word' id='word_1_160' title='bbox 1197 3241 1248 3292; x_wconf 90' lang='lat' dir='ltr'><strong>so·</strong></span> 
     </span>
     <span class='ocr_line' id='line_1_21' title="bbox 117 3329 1246 3418; baseline 0.001 -21"><span class='ocrx_word' id='word_1_161' title='bbox 117 3333 187 3398; x_wconf 87' lang='lat' dir='ltr'><strong>lum</strong></span> <span class='ocrx_word' id='word_1_162' title='bbox 203 3329 388 3414; x_wconf 90' lang='lat' dir='ltr'><strong>insignibus</strong></span> <span class='ocrx_word' id='word_1_163' title='bbox 404 3329 539 3414; x_wconf 88' lang='lat' dir='ltr'><strong>meritis,</strong></span> <span class='ocrx_word' id='word_1_164' title='bbox 556 3330 617 3397; x_wconf 87' lang='lat' dir='ltr'><strong>sed</strong></span> <span class='ocrx_word' id='word_1_165' title='bbox 633 3330 734 3396; x_wconf 87' lang='lat' dir='ltr'><strong>etiam</strong></span> <span class='ocrx_word' id='word_1_166' title='bbox 749 3330 979 3398; x_wconf 86' lang='lat' dir='ltr'><strong>miraculorum</strong></span> <span class='ocrx_word' id='word_1_167' title='bbox 996 3330 1122 3415; x_wconf 89' lang='lat' dir='ltr'><strong>titulis,</strong></span> <span class='ocrx_word' id='word_1_168' title='bbox 1149 3340 1246 3418; x_wconf 91' lang='lat' dir='ltr'><strong>prout</strong></span> 
     </span>
     <span class='ocr_line' id='line_1_22' title="bbox 118 3435 1247 3522; baseline -0.003 -14"><span class='ocrx_word' id='word_1_169' title='bbox 118 3439 223 3508; x_wconf 81' lang='lat' dir='ltr'><strong>retent</strong></span> <span class='ocrx_word' id='word_1_170' title='bbox 239 3436 397 3505; x_wconf 89' lang='lat' dir='ltr'><strong>memoria</strong></span> <span class='ocrx_word' id='word_1_171' title='bbox 413 3436 562 3521; x_wconf 87' lang='lat' dir='ltr'><strong>celebris,</strong></span> <span class='ocrx_word' id='word_1_172' title='bbox 580 3438 777 3505; x_wconf 85' lang='lat' dir='ltr'><strong>claruerunt.</strong></span> <span class='ocrx_word' id='word_1_173' title='bbox 795 3437 893 3520; x_wconf 84' lang='lat' dir='ltr'><strong>Sane,</strong></span> <span class='ocrx_word' id='word_1_174' title='bbox 910 3435 957 3502; x_wconf 89' lang='lat' dir='ltr'><strong>tili</strong></span> <span class='ocrx_word' id='word_1_175' title='bbox 982 3437 1152 3505; x_wconf 87' lang='lat' dir='ltr'><strong>carissime</strong></span> <span class='ocrx_word' id='word_1_176' title='bbox 1162 3488 1171 3522; x_wconf 92' lang='lat'><strong>,</strong></span> <span class='ocrx_word' id='word_1_177' title='bbox 1189 3461 1247 3516; x_wconf 90' lang='lat' dir='ltr'><strong>nu·</strong></span> 
     </span>
     <span class='ocr_line' id='line_1_23' title="bbox 117 3545 1246 3638; baseline -0.002 -22"><span class='ocrx_word' id='word_1_178' title='bbox 117 3569 179 3638; x_wconf 85' lang='lat' dir='ltr'><strong>per</strong></span> <span class='ocrx_word' id='word_1_179' title='bbox 195 3549 241 3616; x_wconf 79' lang='lat' dir='ltr'><strong>ad</strong></span> <span class='ocrx_word' id='word_1_180' title='bbox 257 3547 461 3616; x_wconf 83' lang='lat' dir='ltr'><strong>audientiam</strong></span> <span class='ocrx_word' id='word_1_181' title='bbox 485 3552 631 3616; x_wconf 87' lang='lat' dir='ltr'><strong>nostram</strong></span> <span class='ocrx_word' id='word_1_182' title='bbox 656 3546 772 3632; x_wconf 85' lang='lat' dir='ltr'><strong>aliqua</strong></span> <span class='ocrx_word' id='word_1_183' title='bbox 795 3545 837 3615; x_wconf 91' lang='lat' dir='ltr'><strong>de</strong></span> <span class='ocrx_word' id='word_1_184' title='bbox 862 3545 926 3613; x_wconf 89' lang='lat' dir='ltr'><strong>tuis</strong></span> <span class='ocrx_word' id='word_1_185' title='bbox 942 3546 1072 3616; x_wconf 89' lang='lat' dir='ltr'><strong>actibus</strong></span> <span class='ocrx_word' id='word_1_186' title='bbox 1088 3567 1246 3632; x_wconf 88' lang='lat' dir='ltr'><strong>pervene-</strong></span> 
     </span>
     <span class='ocr_line' id='line_1_24' title="bbox 118 3655 1247 3744; baseline -0.002 -18"><span class='ocrx_word' id='word_1_187' title='bbox 118 3665 205 3744; x_wconf 90' lang='lat' dir='ltr'><strong>runt,</strong></span> <span class='ocrx_word' id='word_1_188' title='bbox 223 3675 285 3742; x_wconf 90' lang='lat' dir='ltr'><strong>quc</strong></span> <span class='ocrx_word' id='word_1_189' title='bbox 302 3659 332 3724; x_wconf 94' lang='lat' dir='ltr'><strong>si</strong></span> <span class='ocrx_word' id='word_1_190' title='bbox 348 3656 481 3725; x_wconf 85' lang='lat' dir='ltr'><strong>veritati</strong></span> <span class='ocrx_word' id='word_1_191' title='bbox 496 3655 687 3744; x_wconf 86' lang='lat' dir='ltr'><strong>diserriant,</strong></span> <span class='ocrx_word' id='word_1_192' title='bbox 709 3656 738 3725; x_wconf 93' lang='lat' dir='ltr'><strong>si</strong></span> <span class='ocrx_word' id='word_1_193' title='bbox 754 3675 853 3744; x_wconf 88' lang='lat' dir='ltr'><strong>opere</strong></span> <span class='ocrx_word' id='word_1_194' title='bbox 870 3658 1108 3742; x_wconf 87' lang='lat' dir='ltr'><strong>compleantur,</strong></span> <span class='ocrx_word' id='word_1_195' title='bbox 1125 3663 1179 3725; x_wconf 89' lang='lat' dir='ltr'><strong>tue</strong></span> <span class='ocrx_word' id='word_1_196' title='bbox 1195 3677 1247 3724; x_wconf 88' lang='lat' dir='ltr'><strong>sa-</strong></span> 
     </span>
     <span class='ocr_line' id='line_1_25' title="bbox 118 3762 1249 3852; baseline -0.002 -18"><span class='ocrx_word' id='word_1_197' title='bbox 118 3768 182 3835; x_wconf 94' lang='lat' dir='ltr'><strong>luti</strong></span> <span class='ocrx_word' id='word_1_198' title='bbox 199 3773 232 3835; x_wconf 90' lang='lat' dir='ltr'><strong>et</strong></span> <span class='ocrx_word' id='word_1_199' title='bbox 247 3765 335 3832; x_wconf 86' lang='lat' dir='ltr'><strong>fame</strong></span> <span class='ocrx_word' id='word_1_200' title='bbox 353 3763 571 3850; x_wconf 81' lang='lat' dir='ltr'><strong>preludicant,</strong></span> <span class='ocrx_word' id='word_1_201' title='bbox 588 3765 721 3832; x_wconf 90' lang='lat' dir='ltr'><strong>honoris</strong></span> <span class='ocrx_word' id='word_1_202' title='bbox 737 3763 831 3848; x_wconf 88' lang='lat' dir='ltr'><strong>Regii</strong></span> <span class='ocrx_word' id='word_1_203' title='bbox 848 3762 1000 3832; x_wconf 91' lang='lat' dir='ltr'><strong>laudibus</strong></span> <span class='ocrx_word' id='word_1_204' title='bbox 1016 3764 1186 3852; x_wconf 90' lang='lat' dir='ltr'><strong>derogant,</strong></span> <span class='ocrx_word' id='word_1_205' title='bbox 1198 3785 1249 3832; x_wconf 90' lang='lat' dir='ltr'><strong>oe-</strong></span> 
     </span>
     <span class='ocr_line' id='line_1_26' title="bbox 120 3873 1248 3961; baseline -0.003 -17"><span class='ocrx_word' id='word_1_206' title='bbox 120 3877 204 3944; x_wconf 88' lang='lat' dir='ltr'><strong>dnnt</strong></span> <span class='ocrx_word' id='word_1_207' title='bbox 220 3873 347 3943; x_wconf 85' lang='lat' dir='ltr'><strong>inlidet</strong></span> <span class='ocrx_word' id='word_1_208' title='bbox 363 3873 550 3944; x_wconf 76' lang='lat' dir='ltr'><strong>Christiane</strong></span> <span class='ocrx_word' id='word_1_209' title='bbox 567 3873 793 3961; x_wconf 89' lang='lat' dir='ltr'><strong>dispendium,</strong></span> <span class='ocrx_word' id='word_1_210' title='bbox 809 3875 858 3942; x_wconf 89' lang='lat' dir='ltr'><strong>tui</strong></span> <span class='ocrx_word' id='word_1_211' title='bbox 874 3874 982 3959; x_wconf 87' lang='lat' dir='ltr'><strong>Regni</strong></span> <span class='ocrx_word' id='word_1_212' title='bbox 997 3873 1248 3961; x_wconf 89' lang='lat' dir='ltr'><strong>dissipationem</strong></span> 
     </span>
     <span class='ocr_line' id='line_1_27' title="bbox 119 3983 1247 4070; baseline -0.002 -16"><span class='ocrx_word' id='word_1_213' title='bbox 119 4005 187 4054; x_wconf 93' lang='lat' dir='ltr'><strong>non</strong></span> <span class='ocrx_word' id='word_1_214' title='bbox 203 3983 377 4064; x_wconf 85' lang='lat' dir='ltr'><strong>modicam,</strong></span> <span class='ocrx_word' id='word_1_215' title='bbox 395 3991 428 4051; x_wconf 93' lang='lat' dir='ltr'><strong>et</strong></span> <span class='ocrx_word' id='word_1_216' title='bbox 442 3983 637 4052; x_wconf 87' lang='lat' dir='ltr'><strong>scandalum</strong></span> <span class='ocrx_word' id='word_1_217' title='bbox 652 3983 875 4070; x_wconf 89' lang='lat' dir='ltr'><strong>plurimorum,</strong></span> <span class='ocrx_word' id='word_1_218' title='bbox 900 3989 934 4050; x_wconf 90' lang='lat' dir='ltr'><strong>et</strong></span> <span class='ocrx_word' id='word_1_219' title='bbox 948 4004 1020 4070; x_wconf 89' lang='lat' dir='ltr'><strong>nos,</strong></span> <span class='ocrx_word' id='word_1_220' title='bbox 1036 3984 1092 4068; x_wconf 92' lang='lat' dir='ltr'><strong>qui</strong></span> <span class='ocrx_word' id='word_1_221' title='bbox 1109 3985 1247 4052; x_wconf 88' lang='lat' dir='ltr'><strong>salutem</strong></span> 
     </span>
     <span class='ocr_line' id='line_1_28' title="bbox 119 4090 1249 4179; baseline -0.003 -17"><span class='ocrx_word' id='word_1_222' title='bbox 119 4095 289 4162; x_wconf 82' lang='lat' dir='ltr'><strong>sibonum</strong></span> <span class='ocrx_word' id='word_1_223' title='bbox 305 4099 395 4160; x_wconf 89' lang='lat' dir='ltr'><strong>tunm</strong></span> <span class='ocrx_word' id='word_1_224' title='bbox 422 4099 544 4160; x_wconf 89' lang='lat' dir='ltr'><strong>statum</strong></span> <span class='ocrx_word' id='word_1_225' title='bbox 569 4091 757 4179; x_wconf 89' lang='lat' dir='ltr'><strong>diligimus,</strong></span> <span class='ocrx_word' id='word_1_226' title='bbox 783 4091 916 4160; x_wconf 89' lang='lat' dir='ltr'><strong>turbant</strong></span> <span class='ocrx_word' id='word_1_227' title='bbox 941 4111 1006 4160; x_wconf 93' lang='lat' dir='ltr'><strong>non</strong></span> <span class='ocrx_word' id='word_1_228' title='bbox 1032 4090 1198 4159; x_wconf 90' lang='lat' dir='ltr'><strong>modicum</strong></span> <span class='ocrx_word' id='word_1_229' title='bbox 1216 4099 1249 4159; x_wconf 90' lang='lat' dir='ltr'><strong>et</strong></span> 
     </span>
     <span class='ocr_line' id='line_1_29' title="bbox 120 4201 1247 4289; baseline -0.004 -17"><span class='ocrx_word' id='word_1_230' title='bbox 120 4205 309 4272; x_wconf 88' lang='lat' dir='ltr'><strong>molestant.</strong></span> <span class='ocrx_word' id='word_1_231' title='bbox 328 4203 423 4272; x_wconf 92' lang='lat' dir='ltr'><strong>Unde</strong></span> <span class='ocrx_word' id='word_1_232' title='bbox 439 4223 518 4288; x_wconf 91' lang='lat' dir='ltr'><strong>nos,</strong></span> <span class='ocrx_word' id='word_1_233' title='bbox 546 4206 602 4288; x_wconf 92' lang='lat' dir='ltr'><strong>qui</strong></span> <span class='ocrx_word' id='word_1_234' title='bbox 617 4209 651 4271; x_wconf 91' lang='lat' dir='ltr'><strong>te</strong></span> <span class='ocrx_word' id='word_1_235' title='bbox 666 4204 700 4272; x_wconf 94' lang='lat' dir='ltr'><strong>in</strong></span> <span class='ocrx_word' id='word_1_236' title='bbox 716 4203 916 4272; x_wconf 85' lang='lat' dir='ltr'><strong>visceribus·</strong></span> <span class='ocrx_word' id='word_1_237' title='bbox 927 4203 1070 4289; x_wconf 88' lang='lat' dir='ltr'><strong>gerimus</strong></span> <span class='ocrx_word' id='word_1_238' title='bbox 1089 4201 1247 4287; x_wconf 81' lang='lat' dir='ltr'><strong>caritatis,</strong></span> 
     </span>
     <span class='ocr_line' id='line_1_30' title="bbox 120 4311 1248 4400; baseline -0.004 -19"><span class='ocrx_word' id='word_1_239' title='bbox 120 4313 233 4398; x_wconf 90' lang='lat' dir='ltr'><strong>amplo</strong></span> <span class='ocrx_word' id='word_1_240' title='bbox 249 4313 414 4381; x_wconf 90' lang='lat' dir='ltr'><strong>desiderio</strong></span> <span class='ocrx_word' id='word_1_241' title='bbox 431 4313 587 4399; x_wconf 90' lang='lat' dir='ltr'><strong>ducimur,</strong></span> <span class='ocrx_word' id='word_1_242' title='bbox 603 4321 640 4382; x_wconf 91' lang='lat' dir='ltr'><strong>ut</strong></span> <span class='ocrx_word' id='word_1_243' title='bbox 655 4311 902 4400; x_wconf 88' lang='lat' dir='ltr'><strong>progenitorum</strong></span> <span class='ocrx_word' id='word_1_244' title='bbox 921 4314 1066 4398; x_wconf 88' lang='lat' dir='ltr'><strong>ipsorum</strong></span> <span class='ocrx_word' id='word_1_245' title='bbox 1082 4319 1248 4396; x_wconf 87' lang='lat' dir='ltr'><strong>tamqnam</strong></span> 
     </span>
     <span class='ocr_line' id='line_1_31' title="bbox 119 4419 1247 4507; baseline -0.003 -19"><span class='ocrx_word' id='word_1_246' title='bbox 119 4419 246 4506; x_wconf 84' lang='lat' dir='ltr'><strong>egregii</strong></span> <span class='ocrx_word' id='word_1_247' title='bbox 270 4421 400 4504; x_wconf 88' lang='lat' dir='ltr'><strong>generis</strong></span> <span class='ocrx_word' id='word_1_248' title='bbox 426 4421 559 4504; x_wconf 90' lang='lat' dir='ltr'><strong>dignum</strong></span> <span class='ocrx_word' id='word_1_249' title='bbox 585 4441 719 4507; x_wconf 90' lang='lat' dir='ltr'><strong>germen</strong></span> <span class='ocrx_word' id='word_1_250' title='bbox 745 4424 838 4488; x_wconf 87' lang='lat' dir='ltr'><strong>clara</strong></span> <span class='ocrx_word' id='word_1_251' title='bbox 863 4421 1006 4504; x_wconf 86' lang='lat' dir='ltr'><strong>vestigia</strong></span> <span class='ocrx_word' id='word_1_252' title='bbox 1032 4419 1181 4506; x_wconf 92' lang='lat' dir='ltr'><strong>imiteris,</strong></span> <span class='ocrx_word' id='word_1_253' title='bbox 1199 4439 1247 4486; x_wconf 91' lang='lat' dir='ltr'><strong>se-</strong></span> 
     </span>
     <span class='ocr_line' id='line_1_32' title="bbox 119 4527 1242 4617; baseline 0.002 -23"><span class='ocrx_word' id='word_1_254' title='bbox 119 4530 221 4596; x_wconf 86' lang='lat' dir='ltr'><strong>cteris</strong></span> <span class='ocrx_word' id='word_1_255' title='bbox 238 4547 349 4614; x_wconf 86' lang='lat' dir='ltr'><strong>opera,</strong></span> <span class='ocrx_word' id='word_1_256' title='bbox 367 4529 465 4598; x_wconf 82' lang='lat' dir='ltr'><strong>sudio</strong></span> <span class='ocrx_word' id='word_1_257' title='bbox 479 4533 701 4617; x_wconf 87' lang='lat' dir='ltr'><strong>prosequaris,</strong></span> <span class='ocrx_word' id='word_1_258' title='bbox 712 4537 748 4597; x_wconf 77' lang='lat' dir='ltr'><strong>ut</strong></span> <span class='ocrx_word' id='word_1_259' title='bbox 770 4531 913 4598; x_wconf 90' lang='lat' dir='ltr'><strong>debono</strong></span> <span class='ocrx_word' id='word_1_260' title='bbox 930 4549 1059 4615; x_wconf 88' lang='lat' dir='ltr'><strong>semper</strong></span> <span class='ocrx_word' id='word_1_261' title='bbox 1074 4531 1109 4596; x_wconf 94' lang='lat' dir='ltr'><strong>in</strong></span> <span class='ocrx_word' id='word_1_262' title='bbox 1125 4527 1242 4597; x_wconf 88' lang='lat' dir='ltr'><strong>melius</strong></span> 
     </span>
     <span class='ocr_line' id='line_1_33' title="bbox 121 4635 1241 4730; baseline -0.001 -23"><span class='ocrx_word' id='word_1_263' title='bbox 121 4647 158 4710; x_wconf 83' lang='lat' dir='ltr'><strong>te</strong></span> <span class='ocrx_word' id='word_1_264' title='bbox 173 4635 348 4708; x_wconf 84' lang='lat' dir='ltr'><strong>amabilem</strong></span> <span class='ocrx_word' id='word_1_265' title='bbox 367 4639 437 4709; x_wconf 90' lang='lat' dir='ltr'><strong>Deo</strong></span> <span class='ocrx_word' id='word_1_266' title='bbox 454 4639 585 4725; x_wconf 87' lang='lat' dir='ltr'><strong>reddas,</strong></span> <span class='ocrx_word' id='word_1_267' title='bbox 604 4645 638 4709; x_wconf 89' lang='lat' dir='ltr'><strong>et</strong></span> <span class='ocrx_word' id='word_1_268' title='bbox 652 4643 760 4730; x_wconf 87' lang='lat' dir='ltr'><strong>magis</strong></span> <span class='ocrx_word' id='word_1_269' title='bbox 776 4660 817 4711; x_wconf 89' lang='lat' dir='ltr'><strong>ac</strong></span> <span class='ocrx_word' id='word_1_270' title='bbox 830 4637 936 4729; x_wconf 87' lang='lat' dir='ltr'><strong>magis</strong></span> <span class='ocrx_word' id='word_1_271' title='bbox 953 4657 1105 4710; x_wconf 88' lang='lat' dir='ltr'><strong>occurras</strong></span> <span class='ocrx_word' id='word_1_272' title='bbox 1120 4637 1154 4706; x_wconf 93' lang='lat' dir='ltr'><strong>in</strong></span> <span class='ocrx_word' id='word_1_273' title='bbox 1170 4655 1241 4707; x_wconf 90' lang='lat' dir='ltr'><strong>con·</strong></span> 
     </span>
    </p>
   </div>
   <div class='ocr_carea' id='block_1_4' title="bbox 0 0 1582 5166">
    <p class='ocr_par' dir='ltr' id='par_1_4' title="bbox 0 0 1582 5166">
     <span class='ocr_line' id='line_1_34' title="bbox 0 0 1582 5166; baseline 0 0"><span class='ocrx_word' id='word_1_274' title='bbox 0 0 1582 5166; x_wconf 95' lang='lat' dir='ltr'><strong> </strong></span> 
     </span>
    </p>
   </div>
  </div>
 </body>
</html>
