3154 5166
814 283 979 396 „ff-

336 483 518 566 elementis,
537 479 663 568 sperati
687 481 811 549 fruetus
828 483 1038 568 proveniant,
1056 488 1171 568 optata
1196 483 1368 552 eommoda
1385 503 1456 568 pro·

334 593 505 676 ducantur,
521 597 622 674 tuque
638 590 727 656 illam
741 640 751 675 ,
768 610 830 674 que
856 591 930 676 pins
947 608 1068 659 oausas
1084 591 1276 675 gerentibus
1291 611 1351 676 pro
1367 593 1458 658 retri-
1553 615 1554 650 r

334 701 467 769 butione
477 699 676 786 rependitur,
689 701 833 787 palmam
843 700 949 787 glorie
964 699 1104 768 feliciter
1123 702 1292 771 merearis.
1303 701 1458 770 Ceterum

336 812 496 894 volumus,
512 809 572 876 tibi
589 810 775 894 expressius
791 809 1010 896 iniungentes,
1020 816 1057 877 ut
1071 811 1100 880 si
1116 811 1259 896 Tartari,
1272 809 1458 894 Sarraoeni‚
1553 799 1554 806 ’

334 919 500 1005 Naugerii,
519 925 551 986 et
566 918 690 1004 pagani
706 915 858 1021 predicti,
875 917 929 985 vel
945 918 1093 1005 ipsorum
1108 919 1214 1004 aliqui
1230 939 1305 989 suos
1321 923 1457 986 eonntm
1553 987 1554 1016 ἒ

334 1029 512 1116 nepharius
522 1035 635 1095 eontra
644 1025 721 1094 fidei
737 1026 919 1096 orthodoxe
934 1027 1075 1096 cultores
1091 1028 1179 1097 iufra
1194 1029 1277 1096 fines
1291 1037 1349 1097 tue
1365 1027 1456 1115 lega·
1553 1017 1554 1020 '

333 1140 432 1208 tionis
449 1143 602 1208 exeruere
617 1139 887 1224 presumpserint,
899 1156 940 1204 ue
957 1138 1104 1225 ipsorum
1121 1138 1305 1208 erudelitas
1322 1139 1356 1206 in
1374 1139 1458 1208 eius·
1553 1187 1554 1236 ,

334 1247 407 1315 dem
423 1246 498 1316 fidei
514 1245 719 1334 dispendium
736 1244 930 1332 invalescat,
956 1247 1114 1318 adversus
1132 1269 1190 1318 eos
1207 1255 1240 1317 et
1255 1247 1340 1316 alios
1357 1244 1459 1314 adhe·

333 1363 441 1426 rentes
459 1355 604 1441 eisdem,
630 1356 684 1423 vel
710 1355 799 1441 ipsos
826 1357 859 1422 in
884 1356 950 1425 biis
968 1357 1216 1442 quomodolibet
1232 1357 1458 1442 oonloveutes,

334 1467 555 1551 cuiuscunque
572 1471 699 1550 statur,
717 1473 775 1533 aut
791 1464 991 1534 eonditiouis
1008 1467 1192 1553 extiterint,
1209 1485 1250 1535 ao
1266 1466 1365 1534 etiam
1384 1485 1458 1535 oon·

333 1583 387 1644 tra
402 1577 576 1660 hereticos,
599 1576 654 1660 qui
670 1575 713 1643 de
729 1575 869 1644 diversis
890 1575 1000 1642 mundi
1015 1576 1165 1662 partibus
1180 1577 1215 1642 in
1231 1577 1398 1646 nonnullis
1415 1577 1459 1643 lo·
1553 1603 1554 1668 r

333 1687 381 1754 eis
397 1692 453 1754 tue
470 1683 629 1768 legationi
647 1685 815 1770 subiectis,
833 1687 916 1754 siout
933 1687 1101 1770 asseritur,
1123 1691 1364 1770 convenerunt,
1394 1707 1458 1752 om·

333 1793 429 1863 nibus
456 1794 577 1866 Obristi
601 1791 754 1862 fidelibus
771 1811 829 1880 per
845 1795 996 1881 Regnum
1014 1794 1162 1882 Ungarie
1178 1793 1405 1882 supradictum
1422 1814 1461 1862 an
1553 1847 1554 1880 ,

333 1905 420 1972 alias
436 1903 526 1982 diets
543 1902 721 1989 legationis
737 1909 851 1990 partes
877 1925 935 1992 per
956 1911 991 1974 te
1001 1956 1010 1991 ,
1036 1905 1089 1972 vel
1105 1924 1165 1990 per
1180 1907 1282 1972 alium
1299 1923 1360 1972 seu
1379 1903 1463 1970 alios

284 2019 286 2024 ’
332 2015 466 2082 verbum
484 2013 591 2082 erneis
608 2013 750 2082 sollieite
763 2033 947 2103 proponere
971 2014 1129 2099 studeas,
1145 2019 1177 2080 et
1192 2014 1238 2081 ed
1253 2033 1329 2081 eam
1346 2033 1461 2100 prom·

333 2123 398 2208 ptis
415 2123 535 2190 animis
551 2105 1017 2192 assumendam'Cbristianum
1028 2125 1181 2210 populum
1198 2123 1461 2191 exhortarl.Nos

334 2232 418 2301 euim
436 2233 585 2300 omuibus
602 2251 682 2299 vere
699 2233 923 2317 penitentibus
940 2239 973 2299 et
989 2232 1160 2316 endromis,
1173 2233 1227 2317 qui
1243 2233 1377 2317 signum
1394 2251 1463 2298 eru·
1553 2249 1554 2256 ¹

333 2342 381 2408 eis
398 2347 512 2409 eontra
527 2339 681 2408 infideles
692 2341 930 2430 assumpserint
945 2341 1139 2429 prelibatos,
1149 2341 1241 2408 illam
1252 2341 1463 2410 onuoedendi

333 2449 570 2536 indulgentiam
587 2449 646 2516 tibi
662 2451 858 2518 auotoritute
874 2451 1065 2537 Apostoliea
1085 2449 1296 2518 eoneedimus
1313 2457 1462 2536 potest-a-

332 2565 408 2645 tem,
427 2581 525 2646 quam
541 2562 823 2646 proficiscentibus
839 2562 872 2627 iu
888 2567 973 2629 terre
991 2568 1106 2629 sancte
1123 2561 1309 2629 subsidium
1318 2561 1463 2648 Aposto-

332 2669 397 2737 lioa
413 2669 519 2738 Sedes
536 2671 716 2739 eoueedere
734 2671 915 2740 cousuevit.
932 2673 1052 2739 Datum
1070 2671 1173 2738 Rome
1197 2673 1285 2757 apud
1302 2673 1463 2740 Sanctum

333 2775 463 2846 Petrum
480 2777 572 2845 Xlll.
589 2779 657 2846 kal.
672 2779 770 2847 Junii.
787 2779 1003 2848 Pontificatus
1021 2781 1125 2850 nostri
1141 2801 1229 2847 anuo
1246 2781 1356 2847 tertio.

441 2881 494 2972 (In
512 2890 657 2974 margine
675 2911 682 2953 :
700 2889 837 2973 Legatio
855 2892 922 2958 ista
937 2910 1002 2958 uon
1020 2885 1135 2956 habuit
1152 2885 1331 2978 effectum).

336 3079 396 3153 (lV.
412 3081 521 3139 Milrlds
534 3080 611 3155 pdpa
624 3083 832 3157 Regestulibdl,
856 3085 985 3142 Theiuer
1003 3085 1188 3142 Monumeute
1201 3083 1354 3143 Hister-lea
1365 3088 1465 3162 Hung
1553 3167 1554 3176 ἵ

788 3173 1003 3248 lebt.361.l.)
1553 3179 1554 3182 ’
