3142 5170
652 1003 727 1072 rto.

120 1199 231 1269 Grato
247 1191 456 1286 laudulVroe
463 1199 580 1286 fidenis
595 1210 723 1290 daoepya
740 1203 963 1292 jeppjdsadpttt
985 1203 1164 1290 soporatae
1178 1203 1243 1270 Ja-

408 1311 528 1378 oomak
543 1308 827 1398 dappourduyozzu.
843 1309 941 1376 1284.

461 1562 899 1631 Aaou

230 1757 400 1830 Vniuersis
417 1761 541 1864 (timisti
555 1759 710 1828 fidelibus
738 1752 890 1846 (presens
910 1759 1066 1846 seriptum
1082 1761 1243 1846 iuspeotu-
1275 1823 1277 1826 .

121 1869 167 1936 ris
194 1867 397 1956 Capitulum)
424 1870 575 1938 Euolesio
597 1869 810 1939 Posoniensis
842 1871 1014 1938 oraciones
1046 1871 1078 1937 in
1103 1869 1243 1938 Domino

121 1977 223 2045 Ihssu
239 1977 381 2047 Christo.
397 1979 449 2046 Ad
466 1981 691 2046 uniuersorum
718 1978 873 2045 notioiam
898 1987 1009 2045 tenore
1034 1978 1242 2064 presenoium

122 2085 276 2152 uolumus
292 2083 489 2172 (peruenire,
506 2085 592 2169 quod
607 2086 776 2154 venientes
792 2077 939 2153 nostram
964 2087 996 2152 in
1023 2083 1243 2173 pre)senoiam
1292 2087 1293 2092 ’

120 2194 346 2278 personaliter
361 2195 532 2263 Johanues
557 2193 643 2260 tilius
668 2191 752 2261 Vros
779 2194 822 2260 de
846 2193 979 2278 Mogor,
1006 2199 1039 2260 et
1064 2193 1244 2282 Dyouisius

120 2300 208 2368 titius
233 2303 394 2370 Joheuuis
419 2303 460 2370 de
486 2303 634 2384 Benene,
661 2321 721 2370 uos
747 2312 946 2386 rogauerunt
962 2302 1127 2370 humiliter
1143 2310 1176 2369 et
1191 2309 1244 2370 at-

121 2417 231 2494 tente,
259 2410 347 2493 qnod
373 2431 433 2478 nos
457 2431 555 2479 uuum
580 2431 621 2477 ex
645 2411 740 2477 nobis
765 2409 810 2477 ad
827 2410 995 2479 dominam
1011 2409 1125 2479 Gredil
1142 2409 1244 2478 filiam

119 2515 293 2602 Johsuuis,
310 2537 455 2586 sororem
471 2517 612 2603 predioti
629 2515 804 2605 Dyouisij‚
832 2518 980 2584 relietum
1006 2517 1166 2604 Stephani
1182 2517 1242 2606 finj

120 2626 208 2692 Vros
226 2624 258 2690 in
274 2627 360 2692 leeto
377 2627 573 2710 egritudinis
591 2625 794 2710 existentem,
814 2645 923 2694 eoram
941 2645 1003 2708 quo
1020 2626 1153 2694 domina
1168 2625 1244 2713 ipsa

119 2753 216 2800 sunm
241 2735 398 2802 uenderet
423 2741 673 2812 testamentum,
698 2734 828 2801 mittero
844 2733 1064 2820 dignaremur.
1080 2736 1148 2802 Nos
1164 2753 1243 2802 uero

121 2843 269 2928 ipsorum
285 2844 506 2928 petioionibus
523 2851 704 2910 annuentes
726 2842 874 2911 misimus
901 2843 1059 2910 dioretnm
1085 2843 1244 2910 Lauren--

120 2951 210 3019 oium
226 2952 442 3035 presbiterum
459 2951 664 3019 snoerdotem
682 2952 830 3020 Eeolssie
847 2951 959 3020 Ornois
976 2954 1098 3020 Sancte
1114 2951 1156 3019 de
1178 2950 1243 3035 Gn·

122 3065 176 3125 tor
193 3057 237 3124 ad
252 3058 450 3126 audiendum
469 3069 503 3126 et
526 3057 706 3126 ridendum
722 3059 967 3126 ordinacionem
984 3059 1173 3127 testamenti
1188 3057 1243 3126 do·

119 3168 211 3234 mine
237 3168 447 3256 supradiete;
476 3170 530 3254 qni
547 3170 751 3259 postmodum
769 3167 812 3234 ad
827 3189 888 3236 uos
904 3189 1056 3239 reuersus
1071 3167 1167 3235 nobis
1183 3187 1242 3236 err·

119 3278 231 3366 posuit
249 3277 381 3345 oraoulo
397 3277 472 3346 vine
487 3279 589 3360 noeis,
608 3277 693 3362 quod
710 3279 784 3364 ipsa
802 3273 933 3343 domina
953 3276 1079 3360 eredit,
1096 3277 1174 3343 lioet
1189 3294 1244 3341 ra

117 3382 190 3451 lida
206 3385 353 3470 eorporis
370 3385 556 3468 egritudine
572 3386 669 3457 fuerit
685 3389 885 3471 eggreuatu,
912 3392 1019 3452 mente
1035 3392 1143 3452 tamen
1160 3403 1243 3452 sunu

118 3511 290 3576 sensuque
305 3495 480 3580 superstite
497 3499 581 3564 inter
598 3502 726 3564 eateras
743 3494 972 3562 ordinationes
989 3495 1039 3560 sui
1055 3493 1242 3560 testamenti

121 3601 235 3670 dotem
253 3622 346 3671 susm
363 3612 395 3670 et
411 3603 568 3674 dotalicia
583 3625 623 3672 ao
639 3624 692 3672 res
708 3602 980 3690 parapharunles,
999 3621 1081 3688 quas
1097 3615 1242 3689 tempore

120 3712 319 3782 tradicionis
336 3733 395 3782 sue
411 3737 521 3783 seeum
538 3721 740 3804 portauerat,
756 3715 822 3800 ipsi
847 3713 991 3783 Johauui
1014 3733 1072 3800 pro
1088 3733 1138 3797 eo,
1155 3713 1242 3798 quod

119 3823 202 3907 quia
218 3821 304 3891 idem
321 3825 340 3892 J
344 3826 492 3896 ohannes
508 3845 581 3893 oum
598 3825 686 3894 omni
703 3823 824 3892 honore
850 3843 978 3911 semper
1003 3825 1109 3909 ipsam
1135 3822 1241 3890 domi·

118 3935 403 4016 namrraetauerit
413 3945 445 4000 et
462 3937 585 4016 fanore,
598 3943 630 4000 et
646 3935 785 4002 maxime
800 3953 858 4019 pro
876 3935 983 4001 salute
1000 3934 1108 4000 anime
1124 3952 1191 4017 sne,
1208 3933 1242 3999 iu

119 4041 226 4108 tribus
253 4044 373 4112 mareis
399 4053 432 4110 et
457 4043 594 4112 dimidia
620 4063 731 4109 maroe
755 4045 956 4128 relaxasset,
982 4048 1015 4110 et
1031 4042 1120 4129 quod
1136 4043 1242 4130 ipsam

119 4149 298 4234 peouuiam
313 4151 355 4216 ab
372 4153 445 4236 ipso
460 4153 611 4221 Johanue
636 4151 784 4236 plenarie
812 4151 1011 4235 recepisset,
1028 4151 1242 4228 aduertendo,

119 4255 210 4340 quod
227 4257 407 4344 Dyonisius
424 4259 634 4348 supradictus
650 4258 751 4327 frater
767 4259 914 4327 eiusdem
930 4258 1067 4345 domine,
1078 4261 1134 4346 qui
1150 4261 1241 4327 litem

123 4383 225 4449 super
249 4366 333 4454 ipsis
359 4370 435 4436 doto
463 4375 495 4434 et
519 4367 683 4452 dotatieijs
708 4386 840 4432 mouere
866 4372 980 4436 eontra
996 4368 1100 4454 ipsum
1120 4367 1242 4438 Johan-

121 4493 197 4540 nem
223 4475 434 4553 intendebat,
460 4477 703 4544 rennuoiauerit
729 4479 816 4543 omni
843 4478 895 4544 liti
910 4478 1093 4562 etaoeioni‚
1110 4482 1241 4565 promit·

124 4589 235 4651 tentes
260 4583 393 4652 firmiter
416 4593 484 4652 tam
510 4587 585 4672 ipsa
601 4583 754 4664 domina,
771 4604 868 4668 qnam
885 4585 1064 4674 Dyonisius
1080 4589 1241 4672 prenomi-

119 4698 231 4776 natus,
248 4693 338 4777 qnod
353 4713 413 4761 neo
429 4695 505 4780 ipsi,
521 4713 581 4760 nee
597 4693 656 4780 alij
672 4693 811 4780 proximi
837 4694 887 4763 sui
903 4696 970 4762 ullo
997 4713 1137 4778 unquam
1163 4703 1241 4764 tem·

177 4815 290 4862 norrun.
299 4817 380 4860 nuno.
389 4815 460 4861 mrsu.
470 4837 498 4849 -
508 4818 570 4860 nun
584 4816 604 4859 u.
991 4801 1031 4870 18
