3142 5170
837 959 917 1025 tuo.

306 1159 450 1226 Karelui
463 1159 577 1224 Taruda
587 1159 617 1221 e'e
625 1153 705 1242 prof
710 1155 839 1241 Merop
848 1153 1061 1242 eppeskednele
1071 1156 1179 1242 Pescla,
1194 1159 1313 1225 Tanos
1323 1163 1443 1228 ηὸυόνο

305 1272 337 1334 ἑο
352 1267 478 1354 Milrdly
502 1267 683 1351 oepyntnpe
704 1267 796 1351 jcpy·
813 1267 845 1328 ts
859 1262 1151 1352 rrepycdilletrutinyc
1175 1266 1320 1352 oppetes
1337 1271 1443 1334 1283.

717 1411 1017 1528 rso

412 1619 583 1691 Vniuersis
601 1618 723 1689 Christi
738 1617 891 1686 fidelibus
907 1627 1080 1701 presentes
1092 1619 1219 1690 litteras
1233 1623 1441 1708 inspecturis

306 1731 493 1820 Capitulum
508 1725 658 1794 Ecclesie
674 1725 886 1794 Posouiensis
904 1725 1046 1793 salutem
1063 1727 1097 1792 in
1112 1729 1264 1798 Domino.
1284 1731 1335 1796 Ad
1360 1733 1435 1799 sni·
1560 1737 1561 1790 l

305 1859 472 1907 uersurum
498 1834 656 1906 noticiam
681 1841 796 1901 tenore
824 1834 1031 1918 presencium
1062 1837 1210 1903 volumus
1241 1839 1436 1925 peruenire,

308 1945 394 2032 quod
420 1945 565 2012 Domasa
590 1937 677 2028 (lgy)
701 1940 788 2010 filius
818 1941 963 2025 Zologus
980 1942 1022 2009 de
1039 1943 1173 2012 Kartha
1190 1947 1233 2012 ab
1251 1965 1320 2012 una
1339 1962 1440 2032 parte

306 2063 339 2122 et
354 2053 498 2122 Michael
523 2039 752 2118 tilius‘Bodow
779 2051 946 2134 quondam
964 2048 1101 2119 Comitis
1119 2051 1374 2121 uduornicorum
1394 2057 1440 2123 de

305 2159 487 2230 Ghollokuz
503 2178 563 2245 pro
580 2178 617 2226 se
633 2164 667 2223 et
682 2155 839 2224 fratribus
856 2157 924 2224 suis
941 2157 984 2224 ab
1003 2160 1109 2227 altera
1125 2180 1234 2228 eoram
1250 2161 1349 2228 uubis
1360 2182 1439 2231 cou-

280 2265 281 2270 ’
305 2267 410 2336 stituti
427 2273 505 2336 suut
520 2263 673 2350 confessi,
691 2264 873 2350 quodlicet
898 2265 975 2334 olirn
1002 2285 1100 2352 super
1118 2269 1196 2336 dote
1212 2275 1247 2335 et
1263 2269 1439 2354 dotalicijs

306 2375 426 2444 sororis
454 2375 557 2463 ipsius
584 2373 729 2440 Domasa
759 2373 867 2440 Peech
884 2381 1021 2453 vocate,
1039 2375 1153 2442 relicte
1165 2377 1304 2444 Martini
1322 2377 1440 2444 fratris

305 2484 450 2552 eiusdem
467 2481 592 2552 Bodow
608 2481 830 2565 comitianae
847 2502 912 2548 non
929 2503 1028 2570 super
1043 2485 1139 2552 rebus
1156 2485 1439 2570 paraffernalibus

204 2667 207 2672 ¹
305 2627 349 2640 -
362 2627 406 2640 -
422 2612 481 2678 per
499 2591 640 2658 cundem
656 2589 803 2657 Domasa
819 2591 864 2658 ad
880 2589 988 2674 ipsum
1004 2591 1129 2658 Bodow
1139 2593 1298 2661 (tomitem
1315 2593 1441 2662 fuisset

305 2707 395 2769 mota
421 2699 562 2768 materia
587 2697 788 2782 questionis,
814 2697 862 2764 acl
887 2699 1035 2764 ultimum
1061 2707 1174 2766 tamen
1199 2717 1299 2787 super
1315 2703 1437 2768 eadem

304 2809 381 2877 dote
405 2816 440 2876 et
464 2807 632 2893 dotaliciJs
659 2811 693 2874 et
717 2805 815 2875 rebus
843 2826 917 2872 cum
933 2807 1081 2893 predicta
1097 2805 1233 2875 domina
1248 2811 1438 2894 asportatis

305 2918 389 2985 iuter
411 2917 504 3004 ipsos
531 2914 717 2983 amicabilis
744 2911 946 2999 composicio
962 2915 996 2981 iu
1013 2915 1131 3001 viginti
1148 2917 1293 3000 quinque
1311 2918 1440 2984 marcis

308 3025 398 3094 facta
413 3025 539 3110 fuisset,
556 3021 777 3092 mediantibus
794 3021 905 3107 probis
921 3021 1022 3106 viris,
1039 3043 1123 3107 quas
1139 3023 1297 3092 videlicet
1313 3025 1441 3110 viginti

306 3133 447 3218 quinque
464 3150 592 3201 mareas
607 3131 752 3218 prefatus
768 3131 917 3200 Domasa
934 3129 976 3197 ab
993 3130 1065 3216 ipso
1080 3131 1205 3199 Bodow
1216 3133 1347 3200 Gemite
1364 3135 1439 3202 iam

303 3239 426 3308 dudum
451 3259 562 3308 eoram
586 3239 681 3306 uobis
707 3258 743 3306 se
769 3239 910 3306 asseruit
926 3237 1077 3324 plenarie
1092 3239 1271 3323 recepisse,
1287 3239 1439 3308 reddens

306 3347 340 3416 in
365 3347 467 3415 nostri
492 3348 661 3432 presencia
687 3349 795 3432 ipsum
811 3345 935 3414 Bodow
952 3345 1111 3415 Comitem
1130 3354 1163 3414 et
1179 3345 1380 3414 Miehaelem
1399 3347 1439 3412 fi·

301 3455 380 3524 lium
396 3473 489 3524 suum
507 3453 603 3522 simul
620 3452 867 3521 cumfratribus
884 3453 954 3521 suis
970 3471 1071 3540 super
1086 3454 1203 3522 eadem
1230 3453 1307 3521 dote
1325 3461 1361 3522 et
1375 3457 1442 3522 do·

302 3563 438 3650 talioijs,
455 3581 582 3632 necnon
608 3561 714 3631 eciam
740 3582 838 3649 super
862 3561 960 3630 rebus
987 3582 1062 3631 cum
1087 3561 1220 3650 prefata
1237 3579 1353 3629 sorore
1369 3581 1443 3630 sua

303 3708 347 3721 -
360 3705 406 3718 -
423 3671 554 3756 penitus
572 3670 762 3762 expeditos;
783 3667 955 3754 obligando
967 3687 1015 3754 se,
1026 3669 1115 3754 quod
1126 3669 1310 3755 quicunque
1328 3669 1443 3758 inpo-

302 3786 423 3848 sterum
439 3780 546 3866 ipsum
561 3777 759 3846 Miehaelem
775 3784 809 3844 et
823 3777 942 3844 fratres
958 3795 1036 3854 suos
1053 3780 1188 3846 racione
1204 3777 1354 3845 eiusdem
1374 3777 1441 3846 du-

301 3883 344 3952 tis
360 3892 394 3953 et
408 3885 574 3970 dotalicijs
592 3880 694 3973 (tgy),
711 3903 839 3953 necnon
856 3885 958 3952 eciam
976 3902 1076 3969 super
1090 3885 1189 3954 rebus
1204 3883 1367 3971 predictis
1385 3887 1443 3953 in·

301 3999 416 4080 petere
431 3999 649 4082 attemptaret,
668 3993 738 4078 ipse
749 3993 897 4061 Domase
916 3998 1082 4060 teneretur
1098 4011 1155 4060 eos
1175 3993 1335 4080 expedire
1357 4013 1443 4079 prn-

301 4099 386 4187 prijs
402 4099 568 4170 laboribus
585 4107 617 4170 et
633 4100 799 4186 expensis.
816 4099 856 4167 In
873 4101 964 4168 cuius
980 4099 1029 4166 rci
1044 4095 1232 4169 memoriam
1253 4107 1445 4184 presentes

300 4209 521 4278 concessimus
538 4209 665 4280 litteras
680 4209 782 4295 sigilli
798 4207 901 4277 nostri
917 4205 1091 4276 munimine
1107 4209 1287 4276 roboratas.
1303 4205 1444 4276 Datum

300 4336 388 4387 auno
405 4318 538 4385 Domini
553 4317 726 4386 millesimo
743 4317 814 4390 00⁰
829 4318 1055 4401 octuagesimo
1073 4316 1187 4384 tercio.

303 4455 439 4531 (thtya.
451 4458 496 4514 Aa
509 4455 568 4516 iris
581 4455 697 4516 steven
709 4455 772 4516 muln
784 4457 941 4529 mosodva,
965 4457 1037 4514 csak
1058 4473 1078 4512 u
1150 4453 1243 4525 bajjal
1254 4452 1318 4514 volt
1330 4456 1446 4515 ulvas·

301 4529 381 4587 hart.
394 4530 470 4587 -A
502 4529 679 4589 cesetveras
692 4531 736 4585 sel
786 4547 821 4586 en
841 4529 873 4583 tu
895 4547 923 4602 g.
936 4529 1122 4599 -Pcssouy
1144 4525 1447 4602 tptalauiorsuagos

425 4547 550 4658 leniittr
563 4601 658 4672 Capsa
742 4601 847 4656 ‚Fuso
860 4548 904 4655 ti.
919 4599 969 4656 Nr.
984 4601 1026 4655 13.
1055 4601 1151 4654 Kaous
1165 4599 1298 4666 Neisdor.)
