3156 5158
140 1133 179 1196 X.
197 1129 333 1218 Gerpcly
344 1135 437 1217 pcipe
454 1129 703 1217 Mopyororaadp
712 1128 924 1218 flipapjaitda
934 1126 1258 1215 jb'uraa'tfelcadlttja,

231 1239 311 1325 liopy
327 1261 348 1302 a
364 1239 486 1324 biralpt
503 1238 683 1304 tandcscral
698 1240 729 1302 ds
744 1239 829 1304 tettel
844 1236 1052 1322 ldmopasailr.
1072 1237 1169 1301 1272.

248 1453 427 1539 Gregorius
443 1451 626 1542 Episcopus
643 1471 756 1519 seruus
768 1471 935 1520 sorvorum
946 1454 1008 1522 Dei
1019 1453 1260 1522 venerabilibus

141 1563 297 1630 fratribus
313 1562 475 1630 universis
502 1562 770 1647 Archiepisoopis
779 1611 789 1647 ,
806 1561 1002 1650 Episcopis,
1020 1570 1053 1628 ct
1079 1561 1210 1629 dilectis
1224 1561 1261 1630 si·

141 1673 195 1740 liis
212 1672 418 1756 Abbatibus,
435 1661 615 1746 Prioribus,
632 1671 825 1754 Propositis,
841 1671 992 1754 Decanis,
1009 1670 1259 1738 Archidiaconis

140 1787 173 1848 et
189 1781 265 1847 aliis
282 1779 507 1846 Ecclesiarnm
523 1779 684 1864 Prelatis,
702 1797 763 1845 nec
780 1799 847 1847 non
865 1778 1055 1863 comitibus,
1072 1778 1258 1848 Batonibus

140 1900 175 1955 ct
190 1889 266 1956 aliis
281 1887 490 1974 Magnatibus
507 1908 566 1973 per
582 1892 730 1974 Regnum
746 1887 893 1972 Ungarie
910 1888 1106 1965 constitutis,
1118 1889 1261 1956 salutern

138 2007 176 2064 et
191 1997 414 2083 Apostolicam
433 1997 700 2064 benedictionem.
717 1993 944 2065 Sacerdotium
970 2003 1003 2062 et
1017 1997 1140 2078 Regale
1155 1997 1260 2082 Impe-

137 2106 223 2172 rium
239 2127 305 2174 non
322 2105 423 2172 multo
440 2106 483 2172 ab
500 2107 657 2172 alterutro
674 2104 846 2190 differunt,
864 2105 924 2172 scd
944 2104 1034 2172 uelut
1050 2126 1071 2172 a
1086 2104 1260 2170 clementia

139 2214 264 2281 collata
280 2213 414 2298 celesti,
432 2214 475 2279 ab
492 2233 555 2278 uno
572 2213 805 2300 procedentia,
822 2215 1002 2297 codemque
1017 2209 1189 2298 principio,
1207 2232 1259 2280 aa

137 2323 217 2392 dem
234 2322 379 2408 origine,
395 2323 466 2398 sola
482 2329 557 2393 sunt
573 2322 824 2390 ministeriorum
842 2322 1049 2390 distinctione
1066 2321 1193 2404 divisa,
1211 2321 1257 2388 al-

136 2441 223 2515 tero,
239 2439 276 2497 ut
290 2431 421 2499 Divinis
437 2430 600 2498 ministret
608 2481 617 2514 ,
635 2431 781 2516 reliquo,
798 2439 834 2498 ut
849 2431 999 2498 humanis
1015 2429 1195 2517 presideat,
1212 2428 1258 2494 in·

136 2540 263 2606 stituto.
292 2539 411 2606 Verum
436 2538 497 2607 bec
520 2541 668 2623 ipsorum
685 2538 839 2607 ordinata
852 2537 1004 2606 discretio
1021 2544 1114 2606 tanto
1131 2555 1259 2622 promp-

135 2648 207 2714 tius
223 2646 371 2714 citiciosa
387 2647 451 2714 sibi
468 2647 566 2714 debet
590 2646 783 2717 diversitate
808 2649 949 2731 servire,
977 2653 1099 2734 quanto
1115 2645 1258 2730 amplius

134 2757 279 2823 alterum
294 2753 430 2822 alterius
446 2754 535 2841 eguit
551 2777 680 2842 semper
696 2756 830 2842 auxilio,
847 2757 923 2823 dum
939 2763 1005 2822 tam
1022 2753 1156 2839 Regalis
1172 2755 1258 2820 Rmi·

133 2866 251 2932 ncntia
267 2864 467 2932 sacerdotali
483 2864 678 2932 auctoritate
696 2865 848 2950 dirigitur
860 2865 1064 2951 adsalutem,
1081 2869 1114 2930 et
1129 2865 1257 2949 Regno·

133 2993 208 3042 rum
226 2973 415 3042 collisiones
431 2973 661 3059 suffragiorum
686 2974 791 3060 ipsius
816 2971 1056 3041 interventione
1079 2979 1258 3060 pacantur,

133 3101 235 3168 quam
251 3084 361 3169 ipsum
387 3083 605 3150 sacerdotium
631 3086 733 3168 Regia
756 3083 902 3168 potentie
939 3082 1051 3150 lavore
1066 3081 1257 3168 protegitur,

131 3200 169 3262 et
184 3190 274 3258 illius
290 3192 453 3259 tutamine
469 3193 502 3256 in
518 3199 589 3260 tuto
606 3193 747 3260 locatum
764 3193 806 3258 ab
823 3191 995 3278 impiorum
1011 3191 1185 3258 insultibus
1201 3187 1257 3253 de·

130 3303 298 3368 sensatur.
315 3299 439 3367 Curare
454 3301 566 3384 itaque
582 3301 715 3386 dabant,
732 3319 846 3367 curare
862 3298 1257 3383 summoperegubcrnan·

129 3421 186 3477 tes
202 3409 347 3494 Imperia
362 3415 396 3476 ct
412 3407 529 3495 Regna
544 3417 715 3493 regentes,
738 3419 772 3476 ut
788 3407 957 3477 Ecclesiae
975 3413 1006 3472 et
1022 3425 1184 3492 personas
1200 3423 1255 3473 ec-

129 3517 348 3588 clesiasticas
365 3519 517 3603 foveant,
541 3517 712 3585 libertates
738 3523 771 3584 et
787 3519 859 3584 iura
874 3523 1028 3584 tueantur
1043 3515 1208 3601 ipsarum,
1225 3523 1259 3582 et

128 3627 338 3713 temporalia
352 3627 416 3694 hiis
438 3625 628 3694 fulcimenta
643 3647 709 3695 non
725 3625 942 3710 subtrahant,
958 3647 978 3692 a
994 3625 1111 3710 quibus
1128 3624 1257 3708 spiritu·

125 3735 453 3821 alitcrfulciuntu15
485 3736 550 3803 imo
577 3737 609 3802 in
636 3735 723 3803 omni
748 3735 1001 3821 promptitudine
1032 3733 1254 3820 temporaliter

126 3846 213 3913 illos
231 3844 461 3930 communiant,
477 3863 611 3928 quorum
629 3844 776 3931 presidio
802 3843 986 3929 spiritualia
1010 3841 1172 3929 recipiunt
1188 3861 1255 3910 mu-

122 3955 292 4022 nimenta.
309 3952 377 4020 Sed
394 3973 455 4021 nec
472 3953 598 4038 minus,
621 3955 677 4038 qui
702 3953 929 4021 Ecclesiarum
954 3953 1177 4038 gubernacula
1201 3973 1255 4037 gc·

127 4069 226 4147 runt,
242 4077 372 4128 summa
388 4080 462 4128 csse
478 4081 557 4130 aura
573 4061 706 4130 solliciti
722 4063 809 4131 omni
829 4061 949 4130 debent
964 4083 1025 4150 ope
1041 4068 1207 4149 satagere,
1223 4068 1258 4128 ut

121 4175 246 4256 Reges
262 4171 426 4255 ceterique
443 4171 597 4240 catholici
607 4172 776 4258 Principes
787 4173 898 4240 debita
910 4173 1057 4260 polleant
1067 4170 1256 4258 integritate

118 4281 301 4370 potentie,
321 4285 426 4348 status
451 4279 501 4348 sui
527 4280 740 4366 plenitudine?
757 4282 959 4366 integrentur
975 4308 983 4349 ι
1001 4281 1149 4351 consulte
1165 4300 1255 4348 nam·

122 4408 201 4477 quo
226 4389 296 4456 illis
321 4389 507 4475 assistitur,
534 4410 669 4475 quorum
695 4389 782 4458 cedit
806 4391 1008 4480 prosperitas
1036 4390 1071 4458 in
1096 4388 1256 4457 auxilium

116 4499 338 4568 assistentis·
354 4499 486 4568 Debent
501 4497 625 4586 quippe
640 4505 708 4567 toto
724 4499 784 4566 niti
800 4503 980 4582 conamina,
997 4506 1033 4568 ut
1047 4501 1163 4585 Regna
1173 4517 1254 4588 pace

122 4605 338 4696 refloreant,
354 4613 441 4678 statu
457 4607 596 4696 pacifico
612 4609 746 4696 vigeant
762 4616 795 4680 et
810 4608 1047 4698 tranquillitate
1063 4613 1179 4698 optata
1188 4605 1252 4680 tra·
