3116 5166
802 249 963 356 ,ιι-ι-

318 453 407 526 nelus
437 459 569 540 noster,
602 459 636 520 et
660 451 747 538 iguis
775 451 809 517 iu
836 457 947 518 nostre
973 445 1198 516 meditationis
1224 448 1449 518 anxietatibus

322 560 520 646 exardescit,
538 563 679 644 dumque
694 558 948 644 cogitationibus
970 555 1143 644 profundis
1159 557 1401 640 immergimur,
1418 563 1450 622 et

320 669 494 740 laboriosis
518 668 642 752 vigiliis
668 666 863 751 fatigamur,
890 671 1066 748 querentes
1083 664 1183 730 anxie
1202 672 1396 750 oportunum
1415 667 1448 734 iu

319 788 408 848 tante
418 775 628 845 necessitatis
639 773 779 842 articulo
795 773 975 842 remedium
992 771 1170 840 adbibere:
1187 773 1265 842 licet
1281 771 1443 843 desidere·

319 907 390 956 mus
406 886 588 970 interdum,
614 885 699 968 quod
715 885 744 952 si
760 904 834 952 oum
850 884 973 951 bonore
996 881 1060 948 Dei
1077 887 1110 949 et
1126 881 1287 960 Ecclesia,
1303 901 1345 950 ac
1361 887 1445 952 salu-

320 999 371 1066 bri
389 1001 479 1063 statu
495 1001 677 1062 ceterorum
695 993 843 1060 fidelium
861 998 1006 1059 uestram
1026 1010 1198 1077 possemus
1215 993 1281 1060 illic
1293 995 1447 1062 exhibere

322 1106 533 1194 presentiam,
551 1109 584 1173 et
601 1122 665 1188 quo
683 1108 790 1170 mente
808 1101 951 1188 ferimur,
968 1100 1016 1166 ibi
1031 1102 1249 1186 personaliter
1265 1106 1446 1172 existentes

321 1215 444 1282 Divina
469 1213 543 1280 fulti
570 1209 720 1297 potentia
746 1232 804 1296 per
830 1209 1028 1279 evidentiam
1054 1213 1164 1296 operis
1181 1214 1331 1298 proprios
1350 1215 1446 1302 expli-

323 1341 472 1390 caremus
498 1320 657 1407 affectus;
684 1326 909 1388 verumtamen
919 1369 928 1405 ,
945 1319 1025 1404 quia
1045 1319 1079 1386 id
1096 1320 1238 1388 conditio
1254 1327 1370 1390 nostra
1387 1344 1449 1392 ucu

322 1433 464 1520 patitur,
489 1433 568 1514 quia
593 1427 814 1515 ingruentium
840 1427 982 1513 undique
1009 1428 1216 1516 negotiorum
1242 1430 1448 1501 immensitas

320 1542 391 1608 sive
418 1541 562 1608 uarietas
586 1558 652 1606 nou
678 1537 854 1624 permittit;
880 1537 924 1605 ad
940 1537 1162 1606 venerabilem
1178 1539 1213 1606 iu
1230 1538 1363 1610 Christo
1381 1541 1444 1608 lra-

323 1657 408 1718 trcm
431 1647 619 1736 Philippum
645 1649 842 1733 Episcopum
858 1644 1069 1732 Firmianum,
1096 1653 1132 1715 ut
1146 1647 1262 1716 fortem
1279 1651 1446 1720 mittamus

323 1758 367 1824 ad
391 1757 509 1842 fortia,
535 1764 568 1824 et
593 1757 665 1842 ejus
690 1754 833 1824 robustis
860 1754 1004 1823 humeris
1021 1774 1126 1822 onera
1140 1756 1285 1842 grandia
1300 1760 1446 1845 impona·

326 1887 409 1952 mus,
424 1873 537 1934 nostre
547 1864 768 1934 convertimus
779 1863 1029 1932 deliberationis
1046 1864 1206 1951 intuitum,
1224 1874 1257 1936 et
1273 1867 1307 1936 iu
1321 1888 1449 1938 suarum

327 1975 623 2044 considerationem
649 1974 806 2040 uirtutum
831 1971 1051 2040 habuutauter
1080 1973 1260 2044 aDomiuo
1278 1997 1448 2048 concessa·

327 2103 418 2168 rum,
443 2083 485 2151 de
510 2083 718 2153 concedentis
745 2081 920 2149 affluenter
945 2087 980 2148 et
994 2101 1060 2148 uou
1077 2083 1335 2170 improperantis
1353 2087 1448 2156 omui·

329 2193 476 2282 potentia
501 2199 535 2261 et
558 2195 721 2262 immensa
744 2191 949 2276 benignitate
965 2192 1129 2276 sperando
1145 2201 1255 2262 nostre
1270 2193 1448 2268 fluctuatio·

328 2303 381 2369 uis
397 2299 575 2388 superbiis
592 2299 744 2368 anxietas
762 2299 974 2386 conquiescit.
991 2301 1079 2368 Nam
1105 2319 1189 2386 cum,
1214 2303 1301 2372 sicut
1328 2307 1449 2392 experi-

329 2410 418 2479 entie
433 2409 627 2497 probatione
636 2408 820 2487 didicimus,
836 2406 966 2474 dederit
983 2408 1014 2474 ei
1031 2409 1189 2478 Dominus
1205 2431 1253 2497 os,
1272 2421 1305 2480 et
1322 2416 1449 2502 sapien·

329 2521 410 2586 tiam
425 2517 636 2604 linguamque
652 2514 814 2586 adiecerit
830 2516 1002 2602 eruditam,
1019 2523 1055 2584 ut
1072 2515 1168 2604 sciat,
1186 2520 1317 2603 quando
1336 2523 1450 2592 debeat

328 2627 473 2714 proferre
489 2644 683 2710 sermonem,
702 2645 774 2692 cum
792 2625 891 2692 etiam
917 2624 950 2690 iu
966 2643 1006 2692 eo
1022 2627 1132 2711 rigeat
1148 2629 1314 2698 rectitudo
1331 2634 1449 2717 iudicii,
1546 2639 1547 2682 l

329 2733 459 2804 consilii
475 2733 703 2821 providentia,
729 2733 763 2800 iu
779 2733 850 2801 zelo
866 2733 1049 2820 sobrietas,
1066 2735 1100 2802 iu
1116 2737 1249 2822 agendo
1263 2743 1450 2827 strenuitas,

331 2847 364 2910 et
379 2842 585 2930 experientia
599 2845 632 2911 iu
643 2843 756 2911 arduis
772 2843 979 2930 approbata;
1005 2863 1187 2934 speramus,
1205 2866 1267 2918 uec
1283 2850 1451 2934 immerito,
1546 2845 1547 2910 i

330 2950 417 3035 quod
441 2955 535 3017 actus
561 2969 638 3020 suos
663 2952 721 3018 illo
747 2951 922 3039 diriginte,
950 2954 1006 3038 qui
1031 2953 1123 3024 norit
1139 2975 1247 3040 praua
1262 2957 1298 3026 iu
1314 2959 1451 3042 directa,

330 3066 364 3128 et
389 3060 446 3127 illo
471 3058 668 3145 adiurante,
696 3063 751 3144 qui
775 3067 884 3149 potest
908 3081 1028 3147 aspera
1044 3063 1078 3130 iu
1093 3063 1166 3132 vias
1183 3066 1303 3152 planas
1321 3088 1452 3138 conuer-
1546 3077 1547 3122 ὲ

330 3177 411 3256 tere,
428 3189 469 3238 ac
485 3168 519 3235 in
535 3169 696 3254 predictis
711 3189 772 3256 per
789 3189 847 3238 sue
858 3169 1161 3256 circumspectionis
1170 3173 1369 3246 iudustriam
1380 3175 1451 3246 utili

330 3277 537 3364 providentia
562 3285 595 3348 et
619 3278 760 3346 utilitate
785 3279 927 3366 provida
953 3299 1097 3366 congrue
1126 3283 1254 3350 consuli
1280 3287 1402 3370 poterit
1419 3293 1453 3355 et
1546 3339 1547 3342 ,

334 3385 509 3455 salubriter
525 3385 702 3454 subueniri.
719 3386 789 3454 Nos
805 3387 918 3471 itaque
934 3392 1001 3454 tam
1018 3387 1143 3472 ingenti
1159 3395 1192 3457 et
1200 3391 1387 3476 periculosa
1400 3415 1454 3464 ne·

333 3494 488 3562 cessitate
513 3494 746 3580 premissorum
772 3499 898 3562 attente
922 3500 1074 3580 pensata,
1101 3515 1176 3564 eum
1194 3498 1236 3566 da
1252 3501 1342 3568 cuius
1359 3502 1454 3570 claris

330 3603 455 3672 mertis
481 3608 514 3669 et
538 3602 678 3688 probata
705 3602 867 3671 industria
883 3603 1011 3688 plenam
1030 3606 1063 3670 iu
1079 3605 1218 3674 Domino
1234 3606 1384 3678 fiduciam
1400 3612 1454 3678 ob-

331 3713 472 3780 tinemus
481 3764 491 3799 ,
507 3713 552 3780 ad
567 3713 716 3798 Regnum
733 3711 839 3798 ipsum
857 3711 920 3780 sibi
936 3711 1112 3798 legationis
1130 3713 1240 3786 officio
1257 3719 1354 3802 plene
1370 3741 1455 3790 com-

329 3821 430 3888 misso
446 3821 480 3888 iu
497 3819 613 3891 eodem
626 3823 752 3908 Regno,
770 3840 810 3887 ac
825 3820 972 3906 Polonie,
983 3823 1160 3909 Dalmatie,
1177 3824 1323 3912 croatie,
1341 3832 1456 3914 Rama,
1524 3862 1528 3868 ·

331 3928 466 4015 Seruio,
482 3929 675 3998 Lodomeric
684 3981 694 4017 ,
712 3929 851 3998 Gallitie
877 3937 911 4000 et
927 3930 1086 4000 Cumanis
1101 3935 1247 4019 partibus
1264 3936 1313 4004 illi
1329 3947 1456 4007 conter-

330 4039 438 4128 minis,
456 4047 493 4109 ut
507 4041 541 4108 iu
557 4043 606 4110 eis
623 4029 746 4112 evellat
761 4049 794 4110 et
809 4041 969 4130 destruat,
986 4044 1128 4130 dissipet
1143 4053 1176 4114 et
1187 4045 1372 4136 dispendat,
1388 4049 1459 4115 edi-

330 4147 405 4216 ficet
431 4154 464 4216 et
490 4149 617 4234 plantet
632 4147 665 4220 in
682 4149 813 4218 nomine
829 4151 974 4237 Domini,
992 4151 1077 4219 sicut
1092 4153 1214 4224 viderit
1230 4153 1399 4242 expedire,
1417 4159 1461 4225 de

331 4255 466 4323 fratrum
483 4263 667 4326 nostrorum
684 4259 822 4329 consilio
839 4261 937 4328 velud
952 4259 1046 4346 pacis
1063 4259 1219 4345 angelum
1240 4261 1458 4351 destinamus,

327 4365 473 4432 iniuncto
500 4365 563 4432 sibi
589 4366 842 4456 nichilominus,
857 4375 894 4437 ut
916 4369 950 4438 iu
965 4370 1080 4453 Regno
1096 4371 1169 4458 ipso
1185 4371 1270 4439 iuter
1283 4373 1410 4454 Regem
1428 4382 1464 4444 et
1546 4439 1547 4442 ,

326 4473 432 4560 Regni
447 4493 608 4562 personas
618 4525 627 4560 ,
653 4497 779 4545 necuou
796 4483 865 4546 tam
881 4475 1013 4564 ibidem,
1031 4498 1128 4563 quam
1144 4481 1177 4548 iu
1196 4479 1376 4567 prouinciis
1394 4502 1463 4551 me·
1546 4501 1547 4568 ξ

326 4583 462 4652 moratis
480 4583 566 4653 iuter
592 4583 838 4656 ecclesiasticos
865 4593 898 4656 et
919 4587 1099 4656 mundanos
1118 4589 1219 4674 viros,
1237 4595 1271 4657 et
1287 4590 1464 4664 uniuersos
1546 4599 1547 4616 ¹
