3142 5164
809 321 964 426 „urn-

323 520 467 608 loseph3
492 521 570 589 item
586 520 713 588 Ivanoh
738 539 834 590 unum
851 519 946 604 inger
960 526 1048 587 turre
1063 523 1098 586 et
1113 519 1304 604 dimidium,
1320 518 1356 586 in
1371 519 1442 587 loco

320 627 456 695 Scalma
480 649 543 715 pro
568 629 675 697 tribus
700 627 903 728 fertonibus;
927 629 1007 697 item
1025 628 1142 694 Petrus
1169 625 1322 694 similiter
1346 645 1442 694 unum
1556 649 1557 716 3

323 737 416 830 inger
442 743 531 804 terre
557 743 590 804 et
616 735 787 803 dimidium
799 734 837 802 in
864 736 979 803 codem
1004 737 1076 804 loco
1104 734 1242 804 Saclms
1256 755 1316 821 pro
1340 735 1442 802 tribus
1556 731 1557 796 4

322 845 523 933 sermnibus3
547 846 624 912 item
651 845 788 930 Egidius
805 850 839 911 ct
863 843 934 912 Filo
951 865 1050 912 unum
1067 847 1160 931 inger
1185 851 1273 913 terre
1299 851 1332 912 ot
1352 843 1442 911 dimi·
1556 911 1557 916 ,

319 952 408 1020 dium
424 957 517 1024 iuxta
541 955 659 1022 siluam
676 957 709 1021 in
725 957 800 1024 loco
817 953 943 1036 Humuc
953 1005 963 1040 ,
989 961 1022 1022 et
1039 955 1209 1022 dimidium
1235 955 1331 1040 inger
1351 955 1443 1020 iuxta

317 1069 425 1129 terras
443 1064 536 1132 chub
553 1071 684 1148 aparte
702 1063 911 1133 meridionali
926 1086 984 1151 pro
1001 1065 1143 1132 dimidia
1154 1084 1278 1150 marca,
1295 1073 1329 1130 ct
1345 1081 1442 1129 unam
1556 1093 1557 1122 r

316 1173 448 1239 vineam
464 1173 498 1240 in
514 1173 589 1244 loco
606 1173 741 1244 Sualma
758 1178 789 1241 in
805 1175 974 1244 vicinitate
991 1175 1160 1243 vinearum
1177 1171 1318 1238 filiorum
1337 1171 1440 1240 Galus
1556 1155 1557 1232 s

317 1263 351 1346 et
366 1281 456 1345 Tuus
473 1299 534 1364 pro
550 1271 655 1379 tribus
681 1279 883 1368 .lertonibus;
908 1283 986 1349 item
1003 1283 1178 1354 Lorandus
1202 1281 1314 1367 fenyle
1330 1281 1442 1346 iacens

316 1388 351 1454 in
367 1389 536 1458 vicinitate
562 1389 712 1457 senilium
738 1392 875 1476 Mathey
892 1397 924 1458 et
939 1384 1103 1460 Johsrr'nis
1119 1391 1179 1476 filij
1200 1391 1334 1486 Paulus,
1361 1387 1442 1454 obli·
1556 1429 1557 1442 r

315 1497 454 1581 gecione
470 1497 530 1590 tali
545 1499 756 1585 interposita,
773 1498 860 1582 quod
876 1499 905 1566 si
922 1500 977 1583 qui
994 1500 1149 1586 temporis
1167 1517 1327 1586 processu
1344 1517 1442 1582 super
1556 1551 1557 1590 r

316 1607 467 1672 omnibus
485 1607 656 1694 premissis
673 1607 924 1674 condicionibus
950 1615 1064 1674 contra
1085 1608 1279 1692 magistrum
1295 1605 1442 1673 Blusium
1464 1615 1466 1618 ’
1556 1599 1557 1672 l

315 1715 437 1798 pluries
455 1713 655 1784 nominitum
665 1765 673 1800 ,
701 1721 759 1782 uut
775 1735 851 1782 suos
868 1714 1007 1782 heredes
1025 1717 1057 1781 in
1075 1715 1182 1782 forma
1208 1714 1275 1780 litis
1291 1716 1347 1780 vel
1364 1735 1441 1798 quo·

315 1843 378 1907 qno
403 1824 501 1891 modo
516 1811 756 1909 ¹insurgerent,¹
791 1829 912 1888 extunc
939 1818 1041 1906 ijdem
1061 1809 1245 1890 “uendentes
1272 1829 1443 1890 eteorum
1556 1843 1557 1856 ¹

315 1944 524 2018 successoros
540 1932 687 2019 proprijs
709 1931 778 1996 suis
804 1931 974 2029 laboribus
991 1937 1024 2000 et
1040 1931 1196 2022 expensis
1222 1930 1382 2016 expedire
1398 1940 1442 1999 te·

313 2039 544 2107 norcutur.1n
570 2043 660 2108 cuius
687 2039 737 2107 rei
757 2029 948 2132 memoriam
974 2044 1007 2103 et
1034 2045 1227 2125 perpetuom
1252 2037 1440 2126 firmitatem
1556 2101 1557 2118 ,

314 2147 360 2214 ud
384 2149 583 2232 peticionem
611 2149 716 2234 partis
741 2132 912 2230 utriusque
930 2135 1108 2232 'presentes
1134 2139 1285 2214 dedimus
1313 2147 1441 2214 litterar

315 2255 419 2340 sigilli
436 2258 539 2324 nostri
564 2243 744 2324 munimine
759 2249 944 2324 roboratas.
968 2257 1092 2328 Datum
1109 2276 1194 2325 auno
1216 2257 1259 2322 ab
1276 2257 1439 2324 lucorna-

314 2351 411 2432 ciono
433 2351 565 2433 Domini
590 2363 861 2460 M0100⁰LXX⁰
885 2377 983 2431 nono.
1011 2366 1164 2434 Joliunuc
1189 2367 1343 2454 libbam,
1369 2367 1440 2434 Bal-

313 2473 413 2540 dnino
439 2475 592 2562 Decano,
626 2474 787 2542 Lukaoch
813 2474 970 2559 Custode,
988 2475 1155 2568 cypriano
1181 2457 1352 2545 Celcraric
1379 2477 1441 2544 oxi·

287 2621 289 2624 -
313 2575 487 2651 olentibus.
1011 2583 1013 2586 ’

311 2883 369 2942 m
422 2799 531 2941 {coget
553 2777 679 2854 mosolla
706 2796 822 2856 Horvdt
835 2797 952 2869 Islvtln,
976 2796 1154 2870 bdrhdrtydn
1173 2799 1235 2856 lert
1256 2799 1363 2857 hitelos
1385 2800 1440 2874 pel·

370 2886 443 2958 yrd.
495 2889 552 2957 νάῃ.
663 2893 667 2902 ⁴
