3142 5170
647 345 793 452 ‚.„³.³.³.„

156 561 224 605 rum
251 559 381 607 suorum
408 540 454 606 ad
477 539 672 623 utilitatem,
698 539 753 606 uel
767 560 851 627 opus
867 539 1007 626 alicujus
1024 542 1165 610 ecclesie
1181 542 1270 626 quin·

155 649 314 734 quaginta
322 667 450 716 marces
462 647 663 734 offerremus,
674 668 732 716 seu
742 650 822 717 dare
832 649 1035 718 deberemus.
1046 651 1165 718 'Verum
1175 670 1271 736 quum

153 757 241 822 idem
258 759 415 844 magister
430 757 598 824 Emericus
614 757 717 824 irater
732 765 854 842 noster,
871 763 1051 840 antequam
1068 778 1140 824 cum
1157 759 1269 824 eodem

153 865 354 932 solucionem
380 866 525 951 ipsarum
552 865 787 949 qninquaginta
815 884 996 932 marcarum
1018 867 1272 951 peregissemus,

153 983 252 1056 prout
276 993 334 1056 per
359 979 570 1042 memoratum
598 974 761 1040 domiuum
787 976 946 1060 Legatum
972 975 1067 1041 nobis
1090 975 1270 1058 injunctum

152 1082 344 1164 exstiterat,
372 1089 533 1148 evocante
556 1081 675 1148 Divino
691 1083 832 1166 iudicio,
860 1083 927 1149 uita
951 1083 1110 1151 destitues
1126 1077 1213 1170 (lgy)
1230 1083 1270 1150 de

151 1191 261 1256 medio
278 1191 322 1256 sit
339 1190 496 1273 sublatus,
515 1190 786 1272 considerantes,
804 1211 844 1257 ne
870 1199 1002 1280 propter
1018 1189 1270 1275 negligenciam,

150 1318 211 1365 sen
236 1300 533 1384 transgressionem
558 1299 736 1366 solucionis
761 1287 995 1384 premissarum
1028 1298 1269 1386 quinquaginta

148 1427 336 1474 marcarum
361 1407 472 1474 anima
500 1406 650 1492 ejusdem
667 1407 777 1474 fratris
794 1408 894 1476 nostri
911 1427 1019 1475 coram
1036 1417 1144 1475 eterno
1157 1406 1269 1492 judice

148 1521 370 1602 aggravetur,
395 1522 427 1580 et
454 1536 513 1582 nos
536 1517 641 1582 eciam
667 1515 779 1582 forsan
807 1517 841 1582 in
856 1517 965 1584 futuro
982 1517 1266 1602 condempnemur,

148 1645 223 1690 oum
249 1622 381 1690 easdem
408 1624 645 1708 quinquaginta
671 1643 817 1703 mareas,
844 1622 1073 1692 definientibus
1090 1623 1194 1710 ¹bonis
1211 1644 1268 1690 no·

147 1734 227 1800 stris
243 1732 492 1814 momentaneis,
520 1733 616 1798 alitor
632 1733 712 1799 dare
729 1739 762 1797 et
778 1733 906 1800 solvere
923 1733 1022 1800 alicui
1047 1733 1186 1801 ecclesie
1203 1753 1267 1801 non

146 1841 327 1926 possimus,
345 1840 386 1905 ad
404 1841 534 1908 laudem
551 1841 690 1907 nominis
708 1841 864 1908 creatoris
891 1842 1042 1909 universe
1059 1847 1217 1924 creature,
1236 1851 1268 1906 et

145 1951 345 2016 Beatissimo
362 1951 463 2016 hlarie
489 1952 683 2016 intemerate
709 1970 837 2034 semper
853 1950 1019 2035 Virginis,
1044 1949 1157 2017 matris
1185 1951 1266 2032 eius,

145 2077 187 2124 an
204 2059 300 2124 Beati
317 2057 500 2142 Myohaelis
526 2057 744 2142 Archangeli,
761 2078 822 2125 neo
839 2080 904 2126 non
920 2060 1060 2124 omnium
1077 2063 1265 2124 sanctorum

145 2187 302 2249 suorum,
330 2167 370 2234 oh
396 2167 573 2233 remedium
601 2169 710 2233 anime
736 2167 816 2232 dieti
832 2169 981 2252 magistri
998 2167 1138 2233 Emerioi
1155 2164 1265 2233 fratris

143 2276 258 2358 nostri,
276 2281 451 2356 nostreque
467 2277 566 2342 saluti
583 2277 810 2360 consulentes,
838 2277 1012 2344 occasione
1038 2275 1140 2344 debiti
1157 2281 1265 2360 preta-

144 2391 268 2451 ctarunr
287 2384 526 2466 quinquaginta
542 2403 725 2450 marcarum
753 2386 921 2467 quandam
948 2385 1191 2470 possessionem
1207 2402 1263 2448 no·

142 2500 246 2559 stram
265 2493 540 2578 Soenthnryklous
558 2495 777 2579 nominatam,
804 2494 950 2561 habitam
972 2499 1004 2560 et
1018 2513 1206 2577 possessam
1223 2511 1264 2557 ex

142 2601 328 2667 donacioue
349 2601 460 2668 inclite
485 2602 728 2670 recordaeionis
745 2604 824 2669 Bele
848 2603 964 2688 Regis,
992 2603 1189 2688 etrinprimis
1206 2621 1264 2686 per

141 2710 296 2792 ejusdem
314 2709 530 2793 priuilegium,
542 2710 670 2776 demum
687 2730 745 2793 per
762 2710 968 2795 priuilegium
984 2710 1091 2778 felicis
1107 2709 1262 2776 memorie

141 2819 245 2901 Regis
262 2816 441 2900 Stephani,
468 2823 585 2902 postea
611 2836 668 2901 per·
684 2817 889 2904 privilegium
906 2816 1068 2900 magnifici
1085 2819 1184 2900 Regis
1201 2817 1262 2884 La-

139 2924 262 3006 dizlai,
292 2926 387 2992 nobis
412 2926 633 2993 confirmatam
660 2934 692 2993 et
717 2935 964 3013 perpetuatum,
990 2929 1023 2994 in
1045 2928 1205 2994 comitatu
1221 2929 1262 2996 de

138 3031 254 3098 Tarda
266 3031 363 3115 juxta
379 3033 511 3103 fluvium
528 3040 658 3102 Arenae
676 3037 881 3118 existentem,
899 3039 942 3104 ab
959 3037 1084 3102 oriente
1099 3037 1261 3104 terrisEo·

138 3142 244 3210 olesie
260 3141 472 3229 Orodiensis,
499 3169 519 3212 a
536 3147 671 3213 meridie
689 3147 795 3216 eundo
812 3147 962 3233 superius
979 3167 1037 3232 per
1053 3148 1260 3215 medietatem

138 3252 248 3338 ipsius
264 3251 355 3320 fluvii
371 3256 510 3338 Aranas,
528 3277 549 3323 a
565 3262 658 3342 parte
677 3255 895 3338 occidentali,
914 3257 1043 3322 cuidam
1058 3256 1260 3344 possessioni

136 3368 254 3427 nostre
270 3363 488 3447 Kerekeghaz
510 3365 698 3448 nominate,
724 3385 745 3430 a
771 3371 864 3450 parte
891 3365 1148 3452 septemtrionali
1165 3367 1259 3432 terris

136 3469 297 3538 nobilium
315 3473 357 3538 de
382 3474 470 3540 Zara
486 3475 599 3554 Scinth
617 3482 740 3555 vocate,
759 3473 836 3540 inde
852 3473 1056 3558 procedendo
1074 3473 1169 3541 alteri
1185 3493 1258 3558 pos-

136 3580 285 3647 sessioni
301 3588 412 3648 nostre
423 3585 562 3671 Coppan
578 3589 763 3670 nrrnoupate
780 3583 979 3650 vicinantem
997 3591 1030 3650 et
1045 3582 1258 3664 adiacentem,

135 3690 255 3772 sicque
284 3699 500 3758 reuertentem
527 3693 571 3760 ad
597 3695 750 3760 terminos
781 3700 866 3759 terre
892 3691 1082 3759 Orodiensis
1108 3689 1257 3758 Ecclesia

134 3805 332 3883 prenotate,
351 3820 423 3866 oum
440 3801 586 3868 omnibus
603 3801 794 3866 utilitatibus
812 3802 880 3867 suis
897 3808 929 3865 et
946 3801 1176 3884 pertinenciis,
1193 3807 1256 3868 ter·

134 3907 186 3973 ris
204 3905 333 3973 scilicet
348 3909 550 3991 arabilibus,
567 3910 678 3993 silvis,
696 3911 864 3995 virgultis,
882 3909 1088 3995 nemoribus,
1104 3911 1209 3996 pratis
1226 3917 1258 3977 et

134 4015 258 4082 fenetis
285 4035 324 4081 ac
340 4019 421 4084 locis
438 4020 713 4103 molendinorum,
741 4020 799 4086 sub
826 4019 963 4085 hiisdem
990 4019 1133 4100 antiquis
1150 4019 1255 4101 metis,

132 4125 264 4209 signis,
291 4146 350 4192 scu
375 4127 540 4210 terminis,
570 4128 685 4209 quihus
711 4148 784 4196 cam
801 4128 975 4196 habuimus
992 4136 1024 4194 et
1039 4128 1255 4213 possedimus,

132 4232 296 4316 dedimus,
313 4234 518 4318 tradidimus,
538 4237 742 4322 donavimus,
755 4237 980 4321 etlegauimus
997 4237 1129 4304 racione
1145 4235 1255 4323 operis

133 4341 279 4409 ecclesie
294 4343 391 4411 Beati
406 4345 589 4427 Mychaelis
606 4346 803 4430 Archangeli
824 4346 1004 4412 venerabili
1021 4346 1108 4432 patri
1124 4345 1255 4413 domino

131 4452 234 4518 Petro
261 4451 323 4516 Dei
347 4451 460 4535 gracia
487 4452 651 4538 Episcopo
676 4453 931 4538 Transsilvano,
960 4461 992 4519 ct
1018 4475 1077 4538 per
1097 4475 1167 4521 eum
1184 4455 1252 4523 suis

131 4561 390 4642 successorihus,
409 4562 470 4645 ipsi
488 4563 615 4652 scilieet
631 4561 845 4647 Episcopatui
861 4560 1077 4629 Transilvano
1094 4568 1252 4648 perpetuo
1287 4559 1290 4566 '

127 4669 206 4752 jure
222 4669 479 4736 irrevocabiliter·
490 4671 721 4753 possidendam
733 4679 766 4739 et
776 4671 971 4740 habendam.
983 4669 1179 4753 Obligantes
1191 4692 1251 4740 noe
