3154 5166
630 959 709 1026 244.

105 1155 165 1224 IV.
181 1155 296 1221 Louzzc
310 1156 418 1242 kirozy
429 1155 615 1243 mephapyja
631 1154 852 1241 Herbordouk,
864 1156 942 1244 kopp
958 1177 979 1220 a
995 1154 1144 1243 coprcoye'
1155 1153 1224 1240 pol-

106 1263 241 1348 pdrokat
256 1285 293 1328 oe
309 1261 500 1349 hoborpousa
516 1285 536 1326 a
562 1262 685 1328 tizedok
709 1262 933 1350 iaoszadcbao,
960 1265 1017 1328 mit
1041 1283 1063 1326 a
1078 1264 1136 1326 vde
1155 1259 1228 1347 sen·

335 1373 457 1436 tortosa
472 1375 570 1457 cepeto
585 1371 680 1437 rrekik
697 1371 794 1437 odori.
811 1345 862 1436 lio
876 1369 992 1437 cellcul.

232 1568 409 1638 LodisIeus
434 1569 496 1637 Dei
521 1569 636 1654 grecie
659 1569 730 1635 Rex
757 1568 923 1653 Hungerie
948 1567 1040 1636 fideli
1065 1585 1123 1634 suo
1148 1567 1229 1633 Her·

106 1675 208 1744 bordo
219 1676 285 1744 iiio
297 1675 460 1744 Herbordi
476 1678 614 1746 salutem
631 1686 664 1746 et
679 1679 833 1760 graciam.
850 1675 930 1744 (ium
948 1675 1127 1743 vicesinsrn
1144 1676 1229 1744 deci-

108 1803 234 1851 marum
266 1784 536 1870 Supruuiensium
569 1786 665 1854 nobis
696 1787 939 1871 prouenieniem
970 1803 1032 1850 nos
1064 1788 1229 1870 etproge·

107 1893 231 1962 nitores
257 1895 359 1962 nostri
381 1893 601 1963 mediantibus
626 1893 809 1981 priuilegijs
835 1900 867 1962 et
890 1893 1009 1962 litteris
1034 1892 1155 1960 nostris
1172 1891 1228 1960 ho·

106 1999 247 2085 spitibus
264 1999 305 2066 de
322 2001 484 2087 Suprunio
509 2022 569 2089 pro
593 2003 848 2070 conservacione
864 2001 973 2070 Cosiri
989 1999 1092 2070 uosiri
1107 2000 1228 2085 Supuu·

105 2107 231 2174 niensis
248 2108 499 2178 contulissemus
514 2109 557 2175 ab
574 2109 721 2195 antiquo,
737 2117 770 2177 et
796 2108 918 2176 eisdem
943 2106 1083 2175 velimus
1100 2125 1228 2176 conser-

104 2235 196 2298 vare,
212 2214 367 2284 fidelitati
382 2223 436 2284 tue
463 2216 679 2303 precipiendo
695 2215 900 2302 mandamus,
919 2219 1080 2299 quatenns
1098 2234 1163 2282 non
1178 2215 1227 2282 in·

107 2325 269 2392 tronittas
298 2329 332 2390 te
357 2325 398 2392 de
415 2325 571 2393 vicesima
596 2325 798 2410 supradicta,
825 2325 884 2393 sed
904 2324 1075 2411 permittes
1092 2322 1224 2391 eosdem

105 2453 181 2499 esnu
196 2434 369 2520 percipere
394 2432 532 2520 pacifice
549 2443 582 2504 et
597 2434 726 2518 quiete,
752 2439 786 2500 et
800 2431 892 2502 uliud
908 2433 1018 2501 iacere
1035 2451 1099 2498 non
1115 2449 1227 2518 presu-

105 2559 189 2608 rnus.
205 2541 327 2608 Datum
338 2561 441 2629 prope
449 2541 664 2630 Iranushydc
674 2542 709 2612 iu
719 2541 803 2610 festo
813 2541 925 2610 Sancti
938 2539 1054 2609 iacobi
1063 2539 1225 2625 Apostoli.

306 2734 450 2810 (Soprony
462 2735 547 2796 veros
559 2734 760 2797 levdltsiriboi·
778 2739 901 2794 Hormi
909 2734 1033 2806 likely.)

572 3029 766 3042 ύι-ι-α-ω
