3142 5170
828 316 943 412 -.dh
964 406 985 414 -

351 511 484 598 scriptis
510 511 694 596 separando
722 529 779 577 seu
804 509 1012 594 dialiqueudo
1038 511 1177 579 fuissent
1192 512 1349 578 deuolute
1366 508 1466 597 (igy).

352 619 470 704 Incipit
487 620 573 685 euim
588 618 694 706 prima
710 626 796 686 meta
812 619 959 685 ciusdem
976 627 1062 685 terre
1077 619 1303 686 iuxtaterram
1320 618 1467 686 eiusdem

351 729 489 798 Comitis
507 727 664 814 Oybriaui
680 747 701 793 a
717 728 885 812 Stephano
903 726 977 792 lilio
987 726 1146 814 Stephani
1162 733 1322 813 emptum,
1350 733 1382 792 et
1397 735 1468 794 ter·

352 857 421 905 ram
446 837 550 923 ipsius
576 837 713 904 Comitis
730 835 881 922 (lbeykat
891 888 900 922 ,
926 834 981 900 vbi
998 843 1073 903 suut
1089 835 1154 902 due
1170 843 1272 922 mete,
1300 843 1334 904 et
1349 835 1470 902 exinde

351 946 501 1032 procedit
515 966 574 1031 per
588 945 749 1029 quendam
767 946 936 1028 semitam,
966 965 1030 1030 que
1047 946 1135 1014 ducit
1150 947 1195 1012 ad
1210 945 1360 1026 niueam,
1387 949 1420 1010 et
1436 943 1470 1007 iu

349 1053 414 1120 flue
438 1054 582 1120 eiusdem
597 1054 713 1120 semite
729 1063 805 1120 suut
830 1053 892 1120 due
908 1061 1015 1140 mete;
1034 1061 1067 1120 et
1082 1053 1321 1140 progrediendo
1346 1052 1468 1119 abhinc

353 1162 395 1230 ad
412 1160 644 1246 longitudinem
660 1161 754 1229 vuius
767 1163 893 1246 jugeris
909 1169 994 1230 terre
1018 1170 1091 1228 suut
1118 1164 1182 1230 duc
1208 1170 1312 1246 mete;
1338 1161 1470 1225 demum

354 1271 502 1338 declinat
528 1272 648 1338 abinde
673 1272 718 1337 ad
744 1279 856 1354 partes
888 1271 1066 1338 occidentis
1092 1273 1136 1337 ed
1161 1272 1326 1356 quondam
1350 1271 1469 1354 pirum,

353 1379 408 1446 vbi
423 1385 499 1448 suut
515 1379 578 1447 due
594 1387 696 1464 mele;
720 1389 752 1448 et
777 1380 897 1447 deinde
910 1382 1007 1466 juxta
1024 1380 1187 1464 quoddam
1203 1381 1377 1465 virgultum
1394 1399 1470 1463 pro·

353 1487 459 1554 tendit
482 1487 526 1552 ad
552 1485 754 1554 occidentem
780 1495 973 1554 remanente·
997 1489 1069 1572 ipso
1098 1487 1237 1571 virgulto
1264 1485 1380 1556 comici
1407 1486 1470 1568 Gy·

352 1597 497 1688 bryauo,
516 1597 633 1666 comiti
650 1616 728 1666 vero
739 1595 892 1684 (lheylrat
907 1597 1002 1663 terris
1018 1597 1199 1664 arabilibus
1212 1595 1469 1676 remanentibus,

352 1708 407 1775 vbi
424 1713 500 1774 sunt
517 1707 579 1773 due
597 1715 698 1791 metc;
726 1705 847 1772 deiude
874 1705 1019 1789 procedit
1043 1725 1102 1789 per
1118 1704 1285 1772 meridiem
1302 1707 1388 1771 iuter
1405 1711 1469 1767 ter-

352 1815 459 1882 minos
475 1813 641 1880 vinearum
658 1821 689 1878 et
705 1820 866 1880 terrarum
890 1815 1078 1894 arabilium,
1104 1823 1137 1880 et
1161 1815 1288 1882 venitur
1312 1815 1357 1880 ad
1374 1813 1472 1877 arbo·

351 1943 418 1990 rem
436 1923 538 2005 nucis,
554 1922 609 1990 vbi
625 1928 700 1989 sunt
716 1922 779 1988 due
794 1929 897 2006 mete;
923 1931 956 1988 ct
981 1923 1024 1988 dc
1049 1919 1113 1989 due
1138 1925 1281 2006 ipsarum
1298 1921 1470 1986 vinearum

352 2033 442 2100 vadit
466 2033 509 2098 ad
534 2030 698 2114 quandam
726 2031 873 2097 arborem
901 2032 962 2116 piri
989 2031 1069 2096 duos
1089 2051 1196 2097 ramos
1213 2029 1383 2110 habentis,
1412 2028 1470 2094 vbi

352 2147 429 2208 sunt
445 2139 507 2204 due
524 2143 629 2224 melc;
651 2137 771 2205 abhinc
786 2147 896 2206 autem
913 2139 1019 2206 tendit
1034 2139 1118 2204 iuter
1133 2140 1289 2206 terminos
1305 2145 1471 2204 terrarum

353 2249 526 2318 arabilium
544 2253 577 2312 et
592 2248 760 2312 vincarum
777 2248 820 2313 ad
837 2248 1016 2332 meridiem,
1031 2248 1087 2314 vbi
1104 2256 1178 2313 suut
1195 2247 1369 2330 docmate,
1386 2265 1471 2329 qua-

352 2380 421 2426 rum
438 2375 504 2423 vua
520 2363 572 2423 est
587 2356 647 2422 sub
664 2357 781 2422 arbore
806 2359 897 2422 nucis
923 2359 956 2422 iu
983 2359 1136 2442 porcione
1153 2355 1286 2422 Comitis
1302 2355 1472 2441 (lhcylrat,

351 2467 420 2537 alia
435 2486 512 2532 vero
529 2463 589 2531 sub
604 2463 720 2530 arbore
737 2463 821 2530 ilicis
847 2465 882 2530 iu
908 2465 1063 2548 porcione
1079 2465 1213 2532 Comitis
1231 2465 1408 2552 Oybriani;
1436 2473 1472 2530 et

351 2575 468 2642 deiude
484 2573 576 2639 vadit
593 2573 676 2638 inter
692 2573 806 2639 vincas
823 2571 956 2640 Comitis
974 2571 1093 2640 Otmau
1121 2579 1154 2640 et
1166 2574 1282 2642 vineas
1298 2573 1378 2640 dicti
1397 2574 1468 2641 Co·
1563 2641 1564 2659 ,

279 2745 281 2750 .
351 2683 440 2752 mitis
457 2679 608 2764 Oheykat
624 2681 667 2746 ad
683 2682 833 2748 arborem
851 2683 946 2764 pomi,
963 2682 1019 2748 vbi
1036 2691 1109 2748 snut
1134 2684 1197 2750 due
1212 2691 1295 2749 mete
1311 2681 1470 2765 antique,
1562 2727 1563 2745 t

351 2792 476 2860 atinde
493 2789 643 2858 ascendit
659 2789 702 2854 ad
719 2791 875 2855 verticem
891 2791 986 2858 vince
1004 2791 1092 2874 Bud,
1120 2799 1154 2857 et
1179 2791 1351 2858 descendit
1378 2789 1470 2857 iuter
1561 2805 1562 2829 ¹

351 2899 466 2966 uineas
483 2895 665 2965 sacerdotis
682 2896 726 2962 ad
743 2904 855 2983 partes
871 2898 1119 2980 meridionalee,
1136 2899 1191 2966 vbi
1208 2907 1284 2967 suut
1298 2899 1361 2965 due
1377 2907 1470 2964 mete

351 3010 502 3091 autiquc3
530 3005 651 3072 abinde
668 3013 776 3072 autem
802 3006 896 3072 iuxta
911 3007 1040 3074 vineam
1058 3006 1234 3093 Stephani,
1252 3025 1347 3091 quam
1364 3005 1472 3071 habet
1558 3053 1559 3085 ,

350 3117 383 3184 iu
399 3117 497 3200 valle,
515 3113 680 3182 descendit
697 3115 740 3180 ed
755 3116 886 3182 vineam
903 3117 1044 3199 Detrici,
1071 3126 1102 3183 ct
1127 3117 1174 3184 ibi
1201 3117 1299 3204 sylna
1314 3123 1471 3182 remanet

349 3225 383 3292 iu
399 3225 588 3311 porcionem
604 3223 740 3292 Comitis
757 3223 934 3311 Cybriaui;
950 3233 983 3290 et
995 3225 1093 3308 juxta
1110 3226 1250 3293 eandem
1259 3225 1387 3292 vincam
1401 3223 1471 3290 De-

350 3335 423 3400 triei
439 3336 472 3399 iu
488 3331 679 3416 magnesia
702 3331 850 3398 ascendit
876 3333 922 3398 ad
938 3340 1078 3400 montem
1095 3335 1139 3400 ad
1154 3340 1268 3420 partes
1284 3331 1471 3400 occidentis

351 3441 395 3510 ad
412 3439 574 3524 quandem
590 3458 724 3525 rupem,
741 3460 802 3522 quc
828 3441 927 3526 haphe
952 3451 1104 3528 uocatur;
1130 3451 1163 3508 et
1188 3444 1232 3509 ibi
1257 3441 1472 3509 terminatur.
1552 3517 1553 3520 Ἴ

350 3549 520 3617 Adiectum
537 3557 586 3616 est
603 3549 705 3613 eciam
720 3567 779 3633 per
795 3555 927 3633 partes,
945 3549 1033 3631 qnod
1049 3551 1182 3625 literas,
1208 3552 1238 3617 si
1253 3568 1474 3634 quascunque

351 3656 475 3726 habeut
490 3674 588 3742 super
604 3656 677 3740 ipse
692 3662 780 3722 terra
796 3657 886 3741 prius
903 3667 1095 3740 emanatas,
1113 3677 1208 3726 casse
1224 3667 1257 3724 et
1272 3658 1391 3724 friuolc
1409 3660 1474 3725 ba·

350 3767 514 3850 bereutur,
532 3771 564 3831 et
579 3765 708 3852 penitus
726 3771 839 3830 contra
855 3765 991 3832 alteram
1008 3772 1131 3851 partem
1148 3769 1302 3834 iunctam
1316 3767 1474 3854 calump-

350 3876 403 3941 uie
419 3874 561 3957 incidat,
587 3874 616 3940 si
640 3873 824 3941 exhibuerit
849 3873 977 3957 aliquas
994 3877 1130 3960 litteras,
1147 3895 1185 3942 eo
1203 3877 1299 3946 lacto.
1316 3877 1475 3946 Dicimus

350 3983 466 4067 eciam,
484 3983 572 4065 quod
588 3980 702 4048 eedem
719 3989 831 4066 partes
842 4002 944 4065 voque
961 3986 1198 4052 reuoluciouem
1209 3987 1372 4072 presentis
1384 3991 1474 4054 anui

348 4109 448 4174 super
473 4089 632 4174 premisse
648 4095 736 4156 terre
760 4089 923 4157 diuisione
949 4089 1076 4159 litteras
1092 4098 1220 4160 nostras
1237 4093 1475 4180 priuilegiales

351 4191 495 4282 recipere
510 4199 724 4276 tenebuntur3
751 4197 837 4280 quod
863 4199 892 4264 si
908 4219 973 4266 uou
988 4200 1144 4284 feceriut,
1167 4211 1242 4288 post
1258 4223 1374 4270 aunum
1390 4225 1474 4290 pre·

350 4306 499 4373 sentibus
516 4307 645 4373 minime
661 4307 818 4373 valituris.
835 4306 955 4374 Datum
971 4329 1056 4376 anuo
1072 4311 1336 4380 Domiuihl⁰00⁰
1351 4323 1476 4383 octua-

347 4415 473 4498 gesimo
490 4414 627 4499 septimo
643 4415 678 4480 in
695 4415 822 4482 octauis
838 4417 957 4484 Sancte
973 4419 1095 4486 Crucis.

536 4553 682 4622 (Eredetie
695 4573 712 4610 a
724 4555 886 4628 veszprdmi
899 4557 1036 4633 kdptelan
1049 4559 1272 4635 levdltdrdbau.)

786 4731 853 4738 -..
