3156 5158
692 276 737 345 88

607 364 765 378 *—

113 469 252 537 liberam
276 468 399 536 babeat
425 470 629 540 facultatem.
660 471 784 542 Datum
811 495 898 544 anno
913 480 1046 548 Domini
1071 483 1246 554 millesimo

114 576 337 644 dueentesimo
354 580 598 663 septuagesimo
624 583 737 650 toreio.
765 585 808 651 Vt
823 593 933 653 antem
957 589 1021 657 hoo
1047 589 1169 660 laetum
1193 614 1245 660 ra-

115 692 201 770 tum,
219 691 252 752 et
266 684 394 752 firmum
409 695 619 774 perseueret,
637 695 671 756 et
686 709 765 758 nea
789 701 866 778 post
867 695 931 762 eris
956 697 1063 784 possit
1088 701 1247 819 renouari,

114 800 287 880 presentes
312 795 441 864 litteras
468 799 718 881 ooneessimns,
746 799 851 886 sigilli
874 804 980 871 nostri
1005 783 1182 900 munimine
1197 827 1247 875 ro·
1370 817 1375 827 ’

115 901 267 971 boratas.

204 1095 354 1170 (Eredetie
367 1116 386 1155 a
398 1101 512 1173 saepesi
523 1099 667 1174 ktptelan
679 1103 889 1163 leveltartban.
910 1109 1023 1163 limana·
1034 1109 1155 1182 neap.)

657 1955 709 2020 m.

208 2153 268 2217 IV.
287 2153 402 2217 Maelo
411 2152 518 2239 1⁶2·er
535 2150 699 2238 Atruobyle
707 2152 786 2235 fluit
800 2155 1018 2240 mepoemeatte‘.
1036 2155 1134 2222 1274.

218 2321 397 2421 Ladlslaus
424 2350 488 2420 Dei
513 2351 627 2437 grauia
653 2351 842 2450 Hungnnie,
869 2351 1060 2436 Dalmaoie,
1087 2353 1239 2440 (tressis,

104 2464 233 2544 Reme,
252 2461 386 2543 Servio,
404 2459 564 2544 Gallieie,
591 2459 808 2540 Lodomerie,
825 2458 1000 2543 Cumania,
1018 2462 1238 2548 Belgarieque

100 2573 177 2638 Rex
194 2571 347 2638 omnibns
361 2569 485 2638 Christi
499 2569 651 2638 fidelibus
677 2569 885 2655 presentium
900 2567 1056 2662 notioiam
1071 2569 1235 2644 habituris

100 2680 273 2747 salutem'
264 2701 298 2744 rn
315 2678 457 2752 omnium
473 2679 656 2746 salvatore.
681 2674 779 2765 (Cum
793 2673 862 2765 ab.)
889 2650 1023 2745 exordio
1047 2698 1155 2748 rerum
1168 2679 1236 2750 lnu·
1341 2729 1344 2741 .

99 2809 204 2857 mane
231 2786 433 2856 conditionis
467 2787 630 2856 libertatis
665 2785 805 2854 omnium
830 2805 896 2854 una
921 2787 1124 2896 eademque
1130 2789 1238 2864 luerat

99 2898 267 2981 eondieio,
283 2896 407 2964 Divina
422 2897 578 2983 permittit
593 2897 703 2982 pietas
719 2903 752 2962 et
777 2895 918 2982 idipsum
934 2897 1050 2982 Regia
1055 2897 1156 2969 debet
1178 2917 1236 2967 an·

98 3029 207 3074 nuere
224 3005 434 3092 benignitas,
456 3013 492 3072 ut
506 3026 566 3091 pro
583 3005 702 3089 quibus
718 3007 876 3090 propria,
898 3005 952 3073 vel
966 3005 1103 3074 aliorum
1120 3005 1237 3080 merita

98 3153 144 3165 -
173 3151 222 3164 -
248 3151 291 3164 -
317 3114 362 3181 ad
386 3116 557 3202 pristinum
583 3114 746 3182 libertatis
772 3108 924 3199 (statum)
948 3113 1151 3202 restituendi?
1165 3115 1235 3187 lore

97 3217 1233 3307 censeanturProindeaduniversornmnotieiamtamtpreseneium)

95 3353 205 3417 quam
221 3339 427 3418 posterorum
445 3331 561 3401 barum
577 3332 664 3400 serie
680 3332 830 3398 uolumus
847 3332 1038 3416 peruenire:
1055 3329 1143 3416 qnod
1160 3351 1233 3400 oum

94 3443 349 3528 Leustaehyns‚
366 3441 507 3528 Petryk,
524 3442 718 3529 Petryzlow,
734 3440 904 3525 Martinus,
921 3474 965 3488 -
982 3472 1024 3484 -
1041 3440 1158 3526 Buhte,
1172 3437 1232 3524 filij

92 3551 278 3636 Atraehyk
305 3549 347 3616 de
371 3548 450 3635 filijs
472 3549 689 3636 jobagionum
716 3546 895 3618 (lemurien
926 3585 970 3596 —
995 3585 1034 3596 -
1053 3583 1098 3596 -
1114 3583 1158 3594 -
1173 3549 1232 3618 ori·

93 3660 180 3727 nndi
199 3679 223 3724 a
255 3659 424 3781 primeuis
433 3659 622 3744 juventutis
648 3677 759 3726 eorum
784 3657 1040 3742 temporibus,
1032 3677 1066 3723 ιιι
1090 3656 1232 3728 diuersis

90 3741 377 3854 expediolombus
403 3767 570 3853 Regni-
585 3801 628 3814 --
645 3766 816 3834 karissimi
832 3766 936 3850 patris
951 3765 1055 3833 nostri
1071 3764 1232 3851 Stephani

89 3877 249 3944 Illustris
266 3877 369 3960 Regis
385 3879 440 3963 pie
458 3878 634 3954 memorie,
650 3895 747 3960 quem
769 3874 890 3943 nostris
907 3874 1107 3962 temporibus
1124 3875 1231 3944 multi·

86 3985 203 4069 plioia
220 4003 306 4070 gene
321 4017 366 4032 -·
383 3982 527 4052 fidelium
546 3984 764 4070 seruieiornm,
781 3983 977 4067 etgraeiosa
987 3983 1146 4069 obsequia
1157 3985 1230 4054 lan-

85 4091 262 4161 dabiliter
276 4095 513 4180 impenderint,
529 4114 570 4161 oo
595 4094 733 4180 denote;
754 4092 855 4179 ijdem
881 4092 1079 4178 specialiter,
1096 4107 1171 4162 oum
1195 4093 1229 4162 in

82 4204 288 4271 Moraviam
305 4213 419 4272 eontra
434 4206 558 4289 Regem
573 4202 732 4270 Bohemie
747 4209 892 4270 nostrum
919 4204 1096 4270 exereitum
1121 4201 1228 4272 misis-

80 4333 222 4398 semus,
241 4333 313 4380 oum
330 4332 471 4400 sumpna
485 4311 694 4381 fidelitatem
715 4351 759 4362 —-
774 4313 848 4378 -is
863 4312 964 4399 Regis
988 4311 1147 4380 Bohemie
1166 4332 1228 4396 qua

80 4423 181 4492 lidas
200 4422 475 4506 detestationes,
501 4429 534 4490 et
559 4424 673 4522 uarias
697 4421 927 4489 commiserunt
937 4419 1151 4505 ,ibidemque
1166 4422 1226 4489 sub

77 4529 994 4619 castroLosa-to,presat1LeustnohyusPetrynlow,
1011 4538 1046 4598 et
1058 4527 1227 4613 eniteas

77 4642 223 4730 Nemyl
250 4639 393 4708 studium
408 4640 518 4710 sollite
544 4638 714 4706 fidelitatis
730 4639 914 4722 imitantes,
937 4635 1129 4710 numeneus
1143 4637 1224 4706 exti-

136 4762 553 4812 moNUu.uuso.}11sn.-o1sn
566 4763 586 4804 o.
993 4743 1014 4808 3
