3154 5166
111 551 171 618 pro
187 549 225 600 se
241 539 269 596 el
288 551 346 617 pro
363 527 488 597 duabus
505 526 640 597 filiabus
665 528 733 597 suis
759 525 960 615 supradietis
985 525 1128 594 eonlessi
1154 531 1228 594 sunt

36 646 45 668 ·
113 639 157 704 ab
174 640 246 728 ipso
257 637 413 706 Ladisluo
424 657 461 704 se
476 637 640 723 reoepiese
651 638 799 723 plenarie
815 647 848 703 et
866 637 1041 720 habetest
1058 637 1108 704 sie
1123 635 1230 722 ipsum

113 748 306 815 Ladlelaum
330 753 364 812 el
387 744 471 814 lilios
498 765 574 814 suos
600 743 770 813 ‘lhelleum
799 753 832 812 et
847 745 1030 814 Johannem
1046 745 1089 812 de
1106 743 1183 812 dote
1200 752 1233 811 et

110 856 279 943 dotalioijs
297 855 444 944 predicte
461 854 602 939 domine,
618 858 651 920 et
675 860 794 937 quarta
809 859 903 938 parte
918 851 1056 919 tiliarum
1073 853 1231 935 eiusdem,

109 965 182 1050 ipse
198 965 361 1033 'l'olneeus
385 963 551 1030 eteoclem
570 961 703 1030 domina
719 960 870 1047 Agleneh
888 959 1101 1028 reddiderunt
1116 960 1149 1026 in
1175 979 1232 1027 no-

109 1073 169 1140 stri
193 1072 367 1158 presencia
391 1070 523 1158 penitus
548 1067 731 1156 expeditos,
756 1069 942 1154 obligantes
968 1087 1024 1154 se,
1051 1066 1138 1152 quod
1162 1071 1232 1154 qui·

108 1199 237 1266 cunque
253 1201 410 1269 processu
425 1188 610 1266 temporum
628 1180 735 1264 ipsum
751 1177 944 1246 Ladislaum
971 1189 1028 1246 aut
1042 1177 1127 1244 tuos
1153 1199 1231 1248 suos

107 1290 276 1378 predictos
303 1290 474 1360 Olrolloum
490 1285 575 1375 (lgy)
601 1295 636 1354 et
659 1287 843 1356 Johannem
867 1287 999 1355 raeiene
1024 1287 1111 1357 dotis
1135 1295 1170 1355 et
1184 1307 1234 1356 re·

106 1419 178 1466 rum
194 1398 450 1486 parslernslium
467 1396 695 1484 prediolarum,
721 1415 762 1463 ae
784 1401 903 1482 quarta
927 1402 1021 1480 parte
1045 1397 1156 1484 sepius
1179 1418 1234 1465 no·

104 1508 232 1576 minata
258 1507 400 1574 uoluerit
436 1508 582 1596 inpetere
607 1509 658 1572 uel
685 1523 817 1589 vexare,
835 1509 956 1571 extunu
972 1504 1088 1572 eadem
1104 1505 1238 1574 domine

103 1622 138 1680 et
155 1615 320 1701 prediotus
345 1615 510 1686 'l'olneous
537 1613 733 1682 tenebuntur
757 1633 815 1682 eos
841 1613 1000 1699 expedire
1024 1613 1165 1700 proprijs
1188 1615 1234 1680 la-

104 1724 240 1792 boribus
256 1731 290 1790 et
306 1725 474 1810 expensis
490 1725 528 1790 In
545 1723 638 1792 euius
654 1721 701 1789 rei
717 1721 908 1789 memoriam
920 1726 1092 1807 presentes
1103 1729 1232 1790 nostras

100 1832 329 1900 conoessimns
345 1833 474 1900 litteras
491 1832 591 1918 sigilli
609 1831 714 1900 nostri
731 1830 908 1898 munimine
930 1831 1112 1899 roboratas.
1136 1831 1232 1900 Anno

99 1943 197 2008 Dom.
215 1937 306 2007 ll⁰m.
325 1938 413 2010 0⁰0⁰
429 1939 633 2006 L⁰X⁰X⁰X⁰
648 1959 746 2008 nono,
765 1983 767 1990 .
819 1963 821 1970 ν
849 1968 855 1982 ,

97 2134 247 2207 (Hirtyrlu
260 2138 328 2209 lgen
342 2139 413 2210 apro
432 2136 576 2194 berukkel
588 2132 660 2194 irre.
675 2135 700 2191 Α
714 2133 781 2208 meg
794 2135 830 2210 ep
846 2134 947 2208 peese't
957 2137 1049 2194 seinte
1063 2133 1225 2210 hrlrtyasue

96 2228 177 2282 leton
190 2226 272 2302 lllgg.
287 2226 579 2300 Pozsonykepteleni
593 2225 730 2302 orsaagos
745 2225 876 2284 levelter.
891 2225 991 2300 Capsa
1003 2227 1079 2287 XIV.
1092 2229 1175 2284 Fuso.
1188 2229 1229 2284 10.

549 2320 599 2376 ΝΥ.
615 2318 657 2374 12.
671 2319 787 2384 Kaous).

532 2611 799 2624 *ψ

622 3134 703 3202 223.

96 3310 129 3378 Α
141 3315 295 3400 poasouys'
309 3313 466 3400 kdptoloa
481 3315 742 3404 bieeuysdpleuele
751 3364 760 3398 ,
777 3315 856 3402 lropy
875 3313 996 3382 Amolrl
1014 3315 1121 3381 Badra
1127 3317 1179 3400 fio
1195 3319 1226 3380 6⁸

96 3421 209 3488 Jatoe
223 3422 439 3510 Betelrlreefio
448 3423 626 3511 praetonat
636 3423 717 3490 eliel
726 3423 894 3510 Zopkybeu
913 3425 982 3490 levb'
989 3422 1102 3510 fuldre
1118 3437 1224 3490 vonat-

392 3532 471 3599 koeo'
483 3533 610 3618 perator
627 3531 820 3599 adnotarat.
838 3534 935 3598 1289.

497 3717 536 3780 A.
645 3713 683 3780 Β.
793 3712 829 3780 0.

213 3889 383 3960 Vniuersis
393 3890 515 3960 curisti
531 3891 683 3960 tidelibns
695 3899 866 3980 presentes
882 3893 1012 3964 litteras
1029 3896 1225 3982 inspecturis

100 3999 293 4085 Capitulum
309 4000 459 4070 neoterio
476 4001 689 4070 Posoniensis
702 4002 843 4070 salutem
860 4001 892 4071 in
904 4004 1155 4074 salutiseetore.
1174 4007 1224 4074 Ad

100 4109 330 4176 uniuersorum
341 4109 498 4178 notieiam
514 4115 628 4179 tenore
648 4113 1017 4196 presenoinmrolumus
1041 4115 1223 4202 peruenire,

99 4217 188 4301 qnod
206 4217 372 4286 constituti
399 4236 508 4285 eoram
534 4218 628 4288 nobis
648 4223 857 4306 personalter
879 4220 1040 4292 Arnoldns
1056 4221 1141 4288 lilius
1158 4228 1222 4292 An-

99 4328 181 4396 (lree
198 4326 240 4393 de
255 4325 401 4396 inferiori
415 4327 507 4417 Zopy
516 4378 526 4413 ‚
547 4325 589 4394 de
606 4326 773 4398 comitatu
788 4331 954 4400 ‚lauriensi
979 4353 1090 4420 prose
1115 4341 1147 4402 et
1162 4356 1222 4421 pro

101 4434 280 4505 Desiderio
296 4444 329 4506 et
343 4437 477 4506 Andrea
491 4435 572 4525 filijs
584 4437 704 4525 Sereni,
715 4461 756 4510 ao
770 4462 830 4528 pro
843 4444 1080 4530 omnibusalijs
1097 4465 1216 4531 eogno-

97 4545 140 4612 tis
154 4545 223 4614 suis
250 4546 284 4614 in
307 4545 502 4632 proximiori
527 4545 616 4615 linea
641 4549 705 4617 sibi
721 4549 940 4622 attinentibus
964 4551 1008 4622 ab
1032 4571 1099 4620 una
1114 4559 1218 4638 parte,

103 4659 138 4722 et
151 4653 298 4724 Jaeobus
324 4654 408 4724 filius
436 4655 609 4728 Betelrlrez
625 4657 666 4726 de
692 4660 854 4746 superiori
878 4662 970 4752 Zopy
987 4663 1029 4730 (le
1046 4659 1225 4730 Ghollolrun
