3156 5158
355 1105 412 1173 IV.
431 1107 546 1172 Laeto
558 1129 691 1194 mappas
706 1105 815 1194 lcirclly
830 1109 858 1172 I.
876 1104 1008 1190 Redolf
1019 1109 1235 1174 rumai-osmer
1250 1109 1426 1196 kirotploz,
1442 1133 1478 1175 aa

354 1213 550 1281 decaeEudre
558 1217 590 1280 da
600 1215 696 1280 canelo
706 1215 820 1302 ledayu
829 1215 899 1281 luzo
910 1225 1051 1280 tet-aczott
1060 1216 1215 1304 ludaaaodp
1223 1217 1370 1304 ttppdben.
1382 1219 1479 1285 1274.

462 1413 605 1482 Diuinae
620 1414 754 1499 pietatis
769 1412 987 1502 providentia,
998 1416 1092 1500 cujus
1108 1421 1189 1482 nutu
1205 1421 1364 1498 reguntur
1372 1417 1479 1483 omnia

357 1529 391 1588 et
406 1521 606 1604 subsistunt,
623 1521 890 1607 praesentialiter
917 1522 1037 1606 ubique
1055 1531 1212 1592 contuens
1243 1525 1420 1610 universa,
1440 1541 1479 1589 ne

356 1631 482 1698 lubrica
498 1632 703 1698 microcosmi
718 1630 860 1699 materia
869 1649 930 1716 per
946 1632 1044 1699 devia
1054 1633 1228 1716 laberetur,
1245 1639 1304 1700 aut
1319 1632 1478 1700 naturalis

357 1737 541 1808 affectionis
565 1739 704 1806 invicem
730 1739 891 1825 igniculus
908 1739 980 1808 sine
997 1741 1183 1809 dilectionis
1200 1741 1359 1809 fasciculo
1376 1741 1479 1810 soluc-

355 1856 453 1930 retur,
470 1849 503 1914 in
520 1849 677 1934 paradiso
694 1849 800 1930 legem
817 1847 953 1915 instituit
979 1850 1184 1935 matrimonii,
1200 1867 1259 1938 per
1284 1869 1385 1933 quarn
1409 1869 1478 1934 pro·

357 1963 535 2044 pagaretur
550 1957 583 2023 in
607 1957 702 2025 terris
731 1957 853 2022 caritas
879 1957 1057 2023 animorum
1083 1963 1116 2024 et
1139 1963 1275 2025 naturae
1300 1955 1477 2044 proclivum

354 2067 456 2133 virtus
466 2065 630 2152 exciperet
639 2065 833 2134 honestatis.
847 2064 932 2132 Hinc
950 2065 1083 2131 unitatis
1101 2071 1134 2133 et
1151 2064 1333 2133 identitatis
1351 2064 1478 2132 affectio

356 2175 531 2259 coalescit,
559 2193 643 2257 quac
671 2171 909 2240 descendentes
937 2174 1141 2240 ramusculos
1166 2174 1211 2240 ad
1234 2193 1270 2240 se
1285 2172 1425 2240 retrahit
1440 2191 1477 2238 er

158 2273 161 2290 ⁵
266 2271 267 2274 ¹
356 2281 496 2351 diversis
521 2302 587 2348 non
613 2281 763 2349 adversis
779 2299 875 2346 unum
902 2279 1049 2347 efficiens
1075 2281 1221 2366 conjugii
1236 2284 1386 2367 paritate.
1402 2281 1478 2349 (lum

355 2393 466 2475 itaque
481 2391 514 2456 in
531 2390 733 2458 sublimitate
749 2389 851 2457 vestri
867 2389 1007 2456 nominis
1034 2399 1198 2473 tamquam
1214 2389 1248 2454 in
1264 2397 1335 2455 ortu
1350 2392 1427 2456 novi
1441 2391 1479 2453 si·

356 2499 444 2569 deris
459 2499 662 2582 gratulemur
680 2518 721 2564 ex
745 2497 894 2585 intimis,
920 2497 1112 2582 cupientes,
1130 2503 1166 2562 ut
1181 2495 1333 2563 affectum
1349 2503 1479 2563 nostrae

355 2607 474 2674 mentis
500 2606 719 2692 proximitatis
740 2607 883 2674 annexio
911 2612 1127 2690 sequeretur:
1153 2623 1252 2690 super
1278 2605 1480 2672 matrimonio

355 2714 580 2782 contrahendo
598 2715 682 2781 inter
694 2713 799 2780 ‘filiam
816 2719 959 2781 vestram
975 2714 1219 2801 principaliter,
1236 2714 1265 2779 si
1282 2721 1409 2795 exstat,
1426 2719 1481 2780 aut

357 2825 414 2891 filii
428 2824 528 2891 vestri
543 2826 595 2890 vel
614 2824 703 2890 filiae
720 2844 779 2890 seu
795 2824 919 2892 sororis
938 2821 1052 2906 filiam,
1070 2829 1103 2888 et
1119 2822 1253 2889 fratrem
1270 2831 1413 2888 nostrum
1431 2842 1482 2887 ca·

357 2933 519 3000 tissimum
534 2933 719 3014 Andream,
746 2933 906 3020 Inclytum
934 2933 1061 2999 Ducem
1077 2933 1255 3000 Slavoniae
1271 2939 1304 2995 et
1320 2930 1480 3013 croatiae,

358 3040 443 3109 infra
460 3047 633 3110 octeanum
650 3044 883 3124 constitutum,
910 3042 952 3108 de
978 3041 1119 3108 omniurn
1146 3039 1320 3106 Procerum
1337 3045 1370 3106 et
1384 3039 1481 3104 Baro-

356 3171 432 3216 uum
447 3158 628 3218 uestrorum
646 3148 731 3237 (lgy)
750 3149 889 3218 consilio
898 3199 907 3231 ,
925 3146 1101 3233 magnifico
1125 3141 1351 3232 (Meinhardo)
1367 3146 1485 3215 Comiti

357 3257 532 3346 Tyrolensi
550 3264 582 3322 et
599 3255 756 3342 Goritiae,
775 3263 916 3342 cognato
932 3261 1043 3324 nostro
1060 3272 1148 3340 caro,
1164 3256 1255 3322 vices
1273 3261 1403 3321 nostras
1428 3253 1484 3319 du-

356 3373 461 3435 ximus
487 3367 757 3449 committendas,
784 3366 830 3434 ad
855 3364 1071 3432 Serenitateru
1097 3365 1247 3431 Vestram
1274 3363 1484 3432 nihilominus
1520 3395 1523 3401 r

357 3475 499 3542 nobilem
524 3475 628 3540 virum
638 3525 647 3560 ‚
665 3474 855 3559 magistrum
876 3473 914 3538 Α.
931 3472 1127 3541 familiarem
1146 3480 1179 3540 et
1194 3471 1327 3539 fidelem
1343 3479 1485 3540 nostrum

356 3584 504 3652 nuntium
520 3582 697 3671 specialem
712 3603 811 3668 super
826 3583 877 3650 his
895 3591 929 3650 et
945 3585 1016 3650 aliis
1043 3582 1190 3666 qualibet
1207 3581 1404 3649 auctoritate
1420 3581 1487 3647 sui-

359 3691 474 3759 lultum
491 3693 686 3776 quantocius
711 3691 945 3759 transmissuri.
959 3691 1196 3758 Excellentiarn
1225 3691 1376 3756 Vestram
1392 3709 1488 3774 prae-

359 3801 504 3868 sentibus
519 3800 729 3868 affectuosius
746 3801 958 3884 requirentes,
987 3807 1148 3883 quatenus
1176 3818 1274 3884 super
1301 3799 1490 3884 hujusmodi

359 3909 562 3978 matrimonio
579 3910 804 3977 contrahendo
820 3908 886 3994 ipsi
903 3905 1097 3973 llcinhardo
1116 3905 1234 3972 (leniti
1250 3906 1305 3972 vel
1321 3907 1394 3992 ejus
1409 3907 1490 3971 mis-

359 4037 397 4083 so
414 4015 523 4084 velitis
539 4025 711 4104 promptae
726 4015 943 4084 exauditionis
960 4015 1100 4098 gratiam
1117 4011 1291 4100 impertiril,
1309 4021 1345 4080 ut
1360 4021 1494 4081 vestrae

358 4123 529 4192 felicitatis
544 4125 686 4193 invicem
702 4125 845 4192 brachiis
862 4124 996 4191 solidati
1011 4123 1190 4207 glorientur
1207 4121 1370 4207 humile,
1390 4131 1496 4189 terre·

360 4241 459 4300 antur
475 4233 609 4312 tumidi,
636 4253 676 4301 ac
702 4239 932 4302 convertantur
959 4238 993 4301 et
1008 4231 1149 4317 adjuga
1175 4231 1310 4298 veniant
1335 4251 1497 4300 exercere

361 4347 557 4426 potestates.
574 4341 692 4408 Datum
709 4353 769 4409 etc.

360 4501 503 4575 (Palaeky
516 4502 558 4571 F,
579 4489 659 4560 Uber
669 4503 902 4573 Formelbtioher,
917 4503 1013 4573 Praga
1030 4501 1106 4557 1842.
1121 4501 1183 4556 319.
1197 4502 1216 4554 l.
1229 4499 1264 4554 V.
1278 4503 1304 4552 ὃ.
1318 4495 1402 4568 Fejdr
1415 4496 1500 4552 Cod.

358 4575 437 4647 Dipl.
450 4573 486 4631 V.
500 4576 530 4632 lt.
539 4576 565 4632 2.
576 4593 598 4630 r.
611 4575 655 4631 43.
670 4578 701 4647 l.,
716 4575 764 4631 hol
778 4593 849 4630 enen
861 4572 938 4632 level
950 4574 1036 4630 hibts
1052 4575 1192 4632 lrivonata
1206 4572 1321 4629 idid-ra
1331 4571 1499 4626 alkalmaa·

790 4652 872 4706 tetra
895 4644 1047 4704 talaltalik.
