3142 5164
305 1103 368 1170 m.
386 1102 502 1168 Medates
513 1103 606 1187 popo
621 1100 785 1186 Fttlbpueb
801 1097 999 1186 nwpboppp'u,
1016 1097 1096 1184 bopy
1113 1093 1333 1163 &amonicionis
1346 1096 1430 1165 cib:-

551 1209 679 1298 potandi
693 1207 767 1272 nect
775 1209 925 1294 jelentdat
940 1217 1058 1294 teppen.
1079 1205 1177 1270 1278.

418 1405 572 1474 Nicolaos
598 1405 782 1494 Episcopus
810 1424 928 1475 seruus
954 1423 1123 1472 seruorum
1148 1403 1213 1472 Dei
1246 1405 1431 1474 venerabili

303 1515 399 1584 tratri
414 1515 566 1604 Philippo
594 1513 758 1602 Episcopo
783 1514 945 1598 Firmano,
966 1513 1159 1599 Apostoliee
1174 1513 1273 1582 Sedis
1289 1513 1431 1600 chato,

302 1625 444 1692 satutem
469 1629 501 1689 ct
524 1623 750 1706 Apostolicam
776 1622 1053 1690 benedictionem.
1080 1621 1174 1689 Sicut
1190 1621 1332 1690 diieetus
1346 1618 1432 1688 iilius

304 1779 310 1796 .
336 1779 344 1796 .
371 1779 379 1794 .
405 1731 554 1797 Minister
579 1729 797 1799 Provinciaiis
822 1731 957 1797 fratrum
984 1729 1117 1797 Ordinis
1140 1730 1302 1798 Minorem
1327 1729 1433 1813 Regni

301 1837 448 1924 Uegarie
464 1838 560 1906 nobis
577 1837 771 1924 significare
787 1839 936 1922 curavit,
963 1837 1050 1922 quod
1075 1838 1186 1925 plures
1208 1837 1328 1905 fratres
1345 1839 1431 1906 eius·

302 1943 377 2012 darn
403 1945 535 2014 Ordinis
560 1949 644 2014 inter
660 1947 819 2016 Tartaron
836 1953 1097 2032 commorantur,
1124 1949 1181 2032 qui
1195 1945 1292 2015 iidem
1309 1945 1433 2015 christi

302 2055 459 2138 gratiosis
477 2055 596 2123 studiis
607 2059 842 2123 annuntiantes
860 2055 996 2138 eisdem,
1014 2055 1133 2122 multos
1149 2076 1192 2123 cx
1208 2057 1257 2121 eis
1273 2055 1318 2121 ad
1334 2050 1433 2121 fidem

303 2160 410 2245 ipsam
429 2162 552 2230 Divina
577 2171 779 2250 cooperante
798 2165 915 2249 'gratia
942 2169 1185 2230 converterunt.
1213 2162 1293 2230 Oum
1321 2169 1432 2228 autem

302 2269 411 2336 nullus
437 2270 481 2338 sit
506 2272 553 2337 ibi
580 2272 771 2340 (tethelinus
799 2273 1002 2357 Episcopus,
1028 2270 1086 2354 qui
1102 2269 1237 2339 eosdem
1252 2269 1372 2337 batres
1389 2267 1433 2335 ad

302 2395 414 2445 sacres
439 2377 573 2446 ordines
601 2382 713 2448 valcat
737 2399 939 2467 promovere,
966 2385 1000 2446 et
1016 2378 1132 2446 civitas
1149 2383 1190 2447 de
1207 2379 1306 2446 multo
1321 2379 1433 2464 posita

303 2486 337 2551 iu
354 2487 538 2554 confinibus
555 2488 780 2572 Tartarerum,
799 2486 989 2554 iamdudum
1017 2507 1077 2571 per
1093 2486 1258 2572 predictos
1274 2485 1433 2553 Tartarus

303 2593 473 2661 destructa
500 2595 618 2679 suerit,
645 2617 707 2664 nec
732 2597 815 2664 inibi
831 2596 1017 2682 Episcopus
1034 2602 1067 2661 ct
1084 2594 1143 2661 alii
1159 2595 1326 2664 Osthelici
1342 2593 1433 2661 babi-

301 2707 426 2770 tatercs
442 2706 610 2772 extiterint
627 2705 849 2788 qnadraginta
865 2706 962 2773 annis
982 2711 1016 2770 et
1033 2704 1177 2790 amplius
1193 2705 1261 2770 iarn
1278 2703 1404 2788 elapsis
1421 2727 1429 2768 :

302 2809 502 2880 fraternitati
528 2819 583 2880 tue
610 2835 669 2900 per
694 2815 890 2902 Apostolica
908 2815 1036 2899 scripta
1052 2813 1253 2890 mandamus,
1270 2819 1434 2896 qnatenus

304 2920 347 2990 de
362 2921 505 2988 utilitate
522 2923 717 3002 animarum,
735 2927 766 2992 si
783 2925 966 3010 Episcopus
985 2923 1083 3005 inibi,
1101 2930 1136 2990 nt
1151 2922 1344 3009 predicitur,
1360 2939 1434 2988 esse

303 3029 517 3114 consueverit,
535 3031 578 3098 de
593 3032 802 3116 proventibus
818 3033 864 3100 ad
889 3033 1007 3100 Sedem
1033 3031 1263 3117 Episcopaiem
1282 3037 1436 3120 spectan-

301 3139 403 3226 tibus,
418 3140 502 3223 siqui
518 3141 696 3226 prevenirc
721 3148 861 3228 possent
870 3192 880 3228 ,
907 3161 950 3208 ne
975 3142 1149 3208 vilesceret
1165 3137 1363 3226 pontificalis
1379 3157 1435 3206 an-

301 3252 444 3336 ctericus
474 3257 507 3317 et
523 3251 599 3319 aiiis
617 3239 871 3320 circumstantiis
898 3251 1074 3336 diiigenter
1090 3251 1272 3334 inquirens,
1290 3249 1379 3334 quod
1392 3246 1436 3312 de

301 3358 473 3443 premissis
498 3359 687 3443 inveneris,
714 3362 810 3430 uobis
837 3381 898 3448 per
923 3368 999 3428 tuas
1026 3361 1153 3428 litteras
1178 3361 1295 3427 harum
1316 3357 1436 3424 scriem

303 3468 507 3534 continentes
524 3469 660 3536 studeas
682 3469 827 3536 fideliter
847 3469 1008 3537 intimare.
1034 3470 1157 3536 Datum
1175 3465 1314 3534 Vitcrbii
1328 3464 1436 3533 Nonis

303 3572 463 3644 Octobris.
481 3571 712 3657 (Pontificatus
731 3574 855 3667 nestri)
873 3597 960 3647 anno
976 3576 1094 3663 prinre.

403 3768 466 3844 (111.
478 3769 584 3829 Miklds
597 3769 673 3845 ptpa
685 3770 884 3845 Begcstdibtl,
897 3771 1027 3830 Theiner
1038 3773 1077 3830 id.
1090 3771 1162 3830 Μ
1180 3770 1209 3826 k
1221 3769 1286 3827 aet.
1299 3767 1334 3842 l.)
