<?xml version="1.0" encoding="UTF-8"?>
<!DOCTYPE html PUBLIC "-//W3C//DTD XHTML 1.0 Transitional//EN"
    "http://www.w3.org/TR/xhtml1/DTD/xhtml1-transitional.dtd">
<html xmlns="http://www.w3.org/1999/xhtml" xml:lang="en" lang="en">
 <head>
  <title>
</title>
<meta http-equiv="Content-Type" content="text/html;charset=utf-8" />
  <meta name='ocr-system' content='tesseract 3.04.00' />
  <meta name='ocr-capabilities' content='ocr_page ocr_carea ocr_par ocr_line ocrx_word'/>
</head>
<body>
  <div class='ocr_page' id='page_1' title='image "./codexdiplomatic08wenzgoog_0097.png"; bbox 0 0 3116 5166; ppageno 0'>
   <div class='ocr_carea' id='block_1_1' title="bbox 99 1167 1226 1363">
    <p class='ocr_par' dir='ltr' id='par_1_1' title="bbox 99 1167 1226 1363">
     <span class='ocr_line' id='line_1_1' title="bbox 99 1167 1226 1266; baseline 0.007 -30"><span class='ocrx_word' id='word_1_1' title='bbox 99 1171 134 1236; x_wconf 87' lang='grc' dir='ltr'><strong>Χ.</strong></span> <span class='ocrx_word' id='word_1_2' title='bbox 151 1167 286 1258; x_wconf 74' lang='lat' dir='ltr'><strong>Gerpely</strong></span> <span class='ocrx_word' id='word_1_3' title='bbox 305 1173 397 1256; x_wconf 78' lang='lat' dir='ltr'><strong>popa</strong></span> <span class='ocrx_word' id='word_1_4' title='bbox 421 1192 443 1234; x_wconf 85' lang='lat' dir='ltr'><strong>a</strong></span> <span class='ocrx_word' id='word_1_5' title='bbox 466 1169 611 1236; x_wconf 62' lang='lat' dir='ltr'><strong>Mantele</strong></span> <span class='ocrx_word' id='word_1_6' title='bbox 635 1173 896 1260; x_wconf 75' lang='lat' dir='ltr'><strong>moppororsadpi</strong></span> <span class='ocrx_word' id='word_1_7' title='bbox 905 1174 1093 1260; x_wconf 58' lang='lat' dir='ltr'><strong>papauere,</strong></span> <span class='ocrx_word' id='word_1_8' title='bbox 1110 1177 1189 1266; x_wconf 81' lang='lat' dir='ltr'><strong>impp</strong></span> <span class='ocrx_word' id='word_1_9' title='bbox 1205 1201 1226 1242; x_wconf 89' lang='lat' dir='ltr'><strong>o</strong></span> 
     </span>
     <span class='ocr_line' id='line_1_2' title="bbox 233 1275 1085 1363; baseline 0.008 -21"><span class='ocrx_word' id='word_1_10' title='bbox 233 1287 317 1342; x_wconf 80' lang='lat' dir='ltr'><strong>ezoni</strong></span> <span class='ocrx_word' id='word_1_11' title='bbox 325 1275 406 1362; x_wconf 76' lang='lat' dir='ltr'><strong>fuld</strong></span> <span class='ocrx_word' id='word_1_12' title='bbox 422 1279 603 1363; x_wconf 69' lang='lat' dir='ltr'><strong>sepitedperu</strong></span> <span class='ocrx_word' id='word_1_13' title='bbox 618 1299 640 1340; x_wconf 88' lang='lat' dir='ltr'><strong>a</strong></span> <span class='ocrx_word' id='word_1_14' title='bbox 654 1278 802 1344; x_wconf 66' lang='lat' dir='ltr'><strong>lornant</strong></span> <span class='ocrx_word' id='word_1_15' title='bbox 818 1279 968 1348; x_wconf 73' lang='lat' dir='ltr'><strong>tit-desse.</strong></span> <span class='ocrx_word' id='word_1_16' title='bbox 987 1284 1085 1349; x_wconf 78' lang='lat'><strong><em>1275.</em></strong></span> 
     </span>
    </p>
   </div>
   <div class='ocr_carea' id='block_1_2' title="bbox 55 1494 1249 4626">
    <p class='ocr_par' dir='ltr' id='par_1_2' title="bbox 55 1494 1249 4626">
     <span class='ocr_line' id='line_1_3' title="bbox 205 1494 1224 1584; baseline 0.006 -20"><span class='ocrx_word' id='word_1_17' title='bbox 205 1494 386 1584; x_wconf 72' lang='lat' dir='ltr'>Gregorius</span> <span class='ocrx_word' id='word_1_18' title='bbox 412 1495 598 1584; x_wconf 72' lang='lat' dir='ltr'><strong>Episcopus</strong></span> <span class='ocrx_word' id='word_1_19' title='bbox 623 1515 737 1564; x_wconf 81' lang='lat' dir='ltr'><strong>seruus</strong></span> <span class='ocrx_word' id='word_1_20' title='bbox 752 1515 920 1566; x_wconf 88' lang='lat' dir='ltr'><strong>servorum</strong></span> <span class='ocrx_word' id='word_1_21' title='bbox 938 1497 1000 1566; x_wconf 85' lang='lat' dir='ltr'><strong>Dei</strong></span> <span class='ocrx_word' id='word_1_22' title='bbox 1017 1500 1141 1572; x_wconf 88' lang='lat' dir='ltr'><strong>dileoto</strong></span> <span class='ocrx_word' id='word_1_23' title='bbox 1156 1501 1224 1572; x_wconf 86' lang='lat' dir='ltr'><strong>lilio</strong></span> 
     </span>
     <span class='ocr_line' id='line_1_4' title="bbox 97 1603 1224 1698; baseline 0.011 -30"><span class='ocrx_word' id='word_1_24' title='bbox 97 1651 137 1672; x_wconf 90' lang='lat'><strong>..</strong></span> <span class='ocrx_word' id='word_1_25' title='bbox 162 1653 169 1672; x_wconf 90' lang='lat'><em>.</em></span> <span class='ocrx_word' id='word_1_26' title='bbox 196 1606 305 1672; x_wconf 88' lang='lat' dir='ltr'><strong>Priori</strong></span> <span class='ocrx_word' id='word_1_27' title='bbox 329 1603 463 1674; x_wconf 75' lang='lat' dir='ltr'>Ordinis</span> <span class='ocrx_word' id='word_1_28' title='bbox 486 1606 732 1675; x_wconf 86' lang='lat' dir='ltr'><strong>Predioatorum</strong></span> <span class='ocrx_word' id='word_1_29' title='bbox 756 1605 903 1690; x_wconf 74' lang='lat' dir='ltr'><strong>Ungarie</strong></span> <span class='ocrx_word' id='word_1_30' title='bbox 929 1607 1069 1682; x_wconf 81' lang='lat' dir='ltr'><strong>salutem</strong></span> <span class='ocrx_word' id='word_1_31' title='bbox 1086 1618 1120 1680; x_wconf 88' lang='lat' dir='ltr'><strong>et</strong></span> <span class='ocrx_word' id='word_1_32' title='bbox 1135 1615 1224 1698; x_wconf 83' lang='lat' dir='ltr'><strong>Apo·</strong></span> 
     </span>
     <span class='ocr_line' id='line_1_5' title="bbox 95 1713 1226 1799; baseline 0.009 -19"><span class='ocrx_word' id='word_1_33' title='bbox 95 1715 248 1783; x_wconf 78' lang='lat' dir='ltr'><strong>stolidam</strong></span> <span class='ocrx_word' id='word_1_34' title='bbox 264 1713 540 1782; x_wconf 86' lang='lat' dir='ltr'><strong>benedietionem.</strong></span> <span class='ocrx_word' id='word_1_35' title='bbox 565 1714 601 1781; x_wconf 85' lang='lat' dir='ltr'><strong>Si</strong></span> <span class='ocrx_word' id='word_1_36' title='bbox 620 1721 747 1782; x_wconf 88' lang='lat' dir='ltr'><strong>mentes</strong></span> <span class='ocrx_word' id='word_1_37' title='bbox 764 1714 919 1799; x_wconf 85' lang='lat' dir='ltr'><strong>fidelium,</strong></span> <span class='ocrx_word' id='word_1_38' title='bbox 935 1719 1073 1788; x_wconf 88' lang='lat' dir='ltr'><strong>terrenis</strong></span> <span class='ocrx_word' id='word_1_39' title='bbox 1089 1719 1226 1790; x_wconf 86' lang='lat' dir='ltr'><strong>abdioe·</strong></span> 
     </span>
     <span class='ocr_line' id='line_1_6' title="bbox 94 1821 1222 1914; baseline 0.007 -25"><span class='ocrx_word' id='word_1_40' title='bbox 94 1823 133 1890; x_wconf 80' lang='lat' dir='ltr'><strong>tis</strong></span> <span class='ocrx_word' id='word_1_41' title='bbox 149 1823 330 1909; x_wconf 76' lang='lat' dir='ltr'><strong>illecebris,</strong></span> <span class='ocrx_word' id='word_1_42' title='bbox 346 1822 533 1890; x_wconf 90' lang='lat' dir='ltr'><strong>reeoleudis</strong></span> <span class='ocrx_word' id='word_1_43' title='bbox 549 1821 719 1889; x_wconf 77' lang='lat' dir='ltr'><strong>immensis</strong></span> <span class='ocrx_word' id='word_1_44' title='bbox 736 1821 905 1892; x_wconf 80' lang='lat' dir='ltr'><strong>benefieiis</strong></span> <span class='ocrx_word' id='word_1_45' title='bbox 916 1825 1021 1894; x_wconf 83' lang='lat' dir='ltr'><strong>nostri</strong></span> <span class='ocrx_word' id='word_1_46' title='bbox 1033 1825 1222 1914; x_wconf 81' lang='lat' dir='ltr'><strong>redempto-</strong></span> 
     </span>
     <span class='ocr_line' id='line_1_7' title="bbox 94 1930 1225 2020; baseline 0.007 -22"><span class='ocrx_word' id='word_1_47' title='bbox 94 1933 139 1998; x_wconf 88' lang='lat' dir='ltr'><strong>ris</strong></span> <span class='ocrx_word' id='word_1_48' title='bbox 155 1931 387 2017; x_wconf 86' lang='lat' dir='ltr'><strong>intenderent;</strong></span> <span class='ocrx_word' id='word_1_49' title='bbox 407 1930 436 1997; x_wconf 89' lang='lat' dir='ltr'><strong>si</strong></span> <span class='ocrx_word' id='word_1_50' title='bbox 453 1950 494 1998; x_wconf 90' lang='lat' dir='ltr'><strong>ea</strong></span> <span class='ocrx_word' id='word_1_51' title='bbox 510 1930 628 1998; x_wconf 81' lang='lat' dir='ltr'><strong>aelesti</strong></span> <span class='ocrx_word' id='word_1_52' title='bbox 645 1931 766 2000; x_wconf 87' lang='lat' dir='ltr'><strong>lumine</strong></span> <span class='ocrx_word' id='word_1_53' title='bbox 781 1931 955 2012; x_wconf 87' lang='lat' dir='ltr'><strong>illustrate,</strong></span> <span class='ocrx_word' id='word_1_54' title='bbox 971 1932 1122 2020; x_wconf 77' lang='lat' dir='ltr'><strong>diligenti</strong></span> <span class='ocrx_word' id='word_1_55' title='bbox 1137 1957 1225 2006; x_wconf 87' lang='lat' dir='ltr'><strong>soru-</strong></span> 
     </span>
     <span class='ocr_line' id='line_1_8' title="bbox 90 2038 1224 2134; baseline 0.008 -28"><span class='ocrx_word' id='word_1_56' title='bbox 90 2045 207 2108; x_wconf 86' lang='lat' dir='ltr'><strong>tarent</strong></span> <span class='ocrx_word' id='word_1_57' title='bbox 223 2039 395 2124; x_wconf 62' lang='lat' dir='ltr'><strong>eremium</strong></span> <span class='ocrx_word' id='word_1_58' title='bbox 422 2041 450 2104; x_wconf 82' lang='lat' dir='ltr'><strong>si</strong></span> <span class='ocrx_word' id='word_1_59' title='bbox 477 2038 665 2122; x_wconf 84' lang='lat' dir='ltr'><strong>frequenter</strong></span> <span class='ocrx_word' id='word_1_60' title='bbox 689 2039 914 2107; x_wconf 78' lang='lat' dir='ltr'><strong>meditationis</strong></span> <span class='ocrx_word' id='word_1_61' title='bbox 938 2047 1064 2112; x_wconf 75' lang='lat' dir='ltr'><strong>nitente</strong></span> <span class='ocrx_word' id='word_1_62' title='bbox 1088 2065 1224 2134; x_wconf 88' lang='lat' dir='ltr'><strong>eonspe-</strong></span> 
     </span>
     <span class='ocr_line' id='line_1_9' title="bbox 92 2145 1226 2235; baseline 0.008 -21"><span class='ocrx_word' id='word_1_63' title='bbox 92 2149 158 2214; x_wconf 88' lang='lat' dir='ltr'><strong>otui</strong></span> <span class='ocrx_word' id='word_1_64' title='bbox 175 2154 428 2235; x_wconf 85' lang='lat' dir='ltr'><strong>presentarent;</strong></span> <span class='ocrx_word' id='word_1_65' title='bbox 445 2145 595 2233; x_wconf 77' lang='lat' dir='ltr'><strong>proiecto</strong></span> <span class='ocrx_word' id='word_1_66' title='bbox 612 2166 722 2214; x_wconf 91' lang='lat' dir='ltr'><strong>eorum</strong></span> <span class='ocrx_word' id='word_1_67' title='bbox 738 2149 839 2216; x_wconf 88' lang='lat' dir='ltr'><strong>eorda</strong></span> <span class='ocrx_word' id='word_1_68' title='bbox 854 2149 1123 2222; x_wconf 87' lang='lat' dir='ltr'><strong>oonealeseereut</strong></span> <span class='ocrx_word' id='word_1_69' title='bbox 1137 2151 1226 2224; x_wconf 82' lang='lat' dir='ltr'><strong>intra</strong></span> 
     </span>
     <span class='ocr_line' id='line_1_10' title="bbox 88 2254 1226 2343; baseline 0.01 -22"><span class='ocrx_word' id='word_1_70' title='bbox 88 2257 205 2343; x_wconf 86' lang='lat' dir='ltr'><strong>ipsos,</strong></span> <span class='ocrx_word' id='word_1_71' title='bbox 232 2256 309 2342; x_wconf 78' lang='lat' dir='ltr'><strong>igne</strong></span> <span class='ocrx_word' id='word_1_72' title='bbox 329 2257 363 2322; x_wconf 91' lang='lat' dir='ltr'><strong>in</strong></span> <span class='ocrx_word' id='word_1_73' title='bbox 380 2254 607 2324; x_wconf 80' lang='lat' dir='ltr'><strong>meditantium</strong></span> <span class='ocrx_word' id='word_1_74' title='bbox 623 2255 743 2324; x_wconf 88' lang='lat' dir='ltr'><strong>animis</strong></span> <span class='ocrx_word' id='word_1_75' title='bbox 760 2257 969 2326; x_wconf 77' lang='lat' dir='ltr'><strong>ardescente.</strong></span> <span class='ocrx_word' id='word_1_76' title='bbox 986 2259 1088 2328; x_wconf 80' lang='lat' dir='ltr'><strong>Ouios</strong></span> <span class='ocrx_word' id='word_1_77' title='bbox 1104 2264 1226 2332; x_wconf 89' lang='lat' dir='ltr'><strong>etenim</strong></span> 
     </span>
     <span class='ocr_line' id='line_1_11' title="bbox 87 2362 1225 2450; baseline 0.009 -20"><span class='ocrx_word' id='word_1_78' title='bbox 87 2371 211 2450; x_wconf 88' lang='lat' dir='ltr'><strong>peetus</strong></span> <span class='ocrx_word' id='word_1_79' title='bbox 227 2383 367 2433; x_wconf 86' lang='lat' dir='ltr'><strong>saxeum</strong></span> <span class='ocrx_word' id='word_1_80' title='bbox 383 2385 448 2432; x_wconf 91' lang='lat' dir='ltr'><strong>non</strong></span> <span class='ocrx_word' id='word_1_81' title='bbox 465 2362 628 2432; x_wconf 87' lang='lat' dir='ltr'><strong>emolliret</strong></span> <span class='ocrx_word' id='word_1_82' title='bbox 650 2363 861 2432; x_wconf 83' lang='lat' dir='ltr'><strong>oonsiderata</strong></span> <span class='ocrx_word' id='word_1_83' title='bbox 876 2364 966 2436; x_wconf 86' lang='lat' dir='ltr'><strong>illius</strong></span> <span class='ocrx_word' id='word_1_84' title='bbox 981 2368 1225 2440; x_wconf 70' lang='lat' dir='ltr'><strong>humanationis</strong></span> 
     </span>
     <span class='ocr_line' id='line_1_12' title="bbox 85 2470 1224 2568; baseline 0.011 -32"><span class='ocrx_word' id='word_1_85' title='bbox 85 2471 282 2557; x_wconf 83' lang='lat' dir='ltr'><strong>humilitas,</strong></span> <span class='ocrx_word' id='word_1_86' title='bbox 298 2473 331 2538; x_wconf 92' lang='lat' dir='ltr'><strong>iu</strong></span> <span class='ocrx_word' id='word_1_87' title='bbox 357 2491 422 2558; x_wconf 86' lang='lat' dir='ltr'><strong>qua</strong></span> <span class='ocrx_word' id='word_1_88' title='bbox 444 2471 512 2538; x_wconf 84' lang='lat' dir='ltr'><strong>Dei</strong></span> <span class='ocrx_word' id='word_1_89' title='bbox 528 2471 617 2540; x_wconf 88' lang='lat' dir='ltr'><strong>filius</strong></span> <span class='ocrx_word' id='word_1_90' title='bbox 634 2470 743 2541; x_wconf 86' lang='lat' dir='ltr'><strong>laetus</strong></span> <span class='ocrx_word' id='word_1_91' title='bbox 759 2473 857 2542; x_wconf 89' lang='lat' dir='ltr'><strong>bomo</strong></span> <span class='ocrx_word' id='word_1_92' title='bbox 875 2475 1057 2544; x_wconf 81' lang='lat' dir='ltr'><strong>exinanivit</strong></span> <span class='ocrx_word' id='word_1_93' title='bbox 1072 2481 1224 2568; x_wconf 88' lang='lat' dir='ltr'><strong>semetip-</strong></span> 
     </span>
     <span class='ocr_line' id='line_1_13' title="bbox 83 2579 1225 2666; baseline 0.007 -18"><span class='ocrx_word' id='word_1_94' title='bbox 83 2601 156 2648; x_wconf 88' lang='lat' dir='ltr'><strong>sum</strong></span> <span class='ocrx_word' id='word_1_95' title='bbox 176 2580 321 2650; x_wconf 85' lang='lat' dir='ltr'><strong>sormam</strong></span> <span class='ocrx_word' id='word_1_96' title='bbox 338 2581 424 2648; x_wconf 83' lang='lat' dir='ltr'><strong>servi</strong></span> <span class='ocrx_word' id='word_1_97' title='bbox 450 2580 636 2666; x_wconf 84' lang='lat' dir='ltr'><strong>eeoipiens,</strong></span> <span class='ocrx_word' id='word_1_98' title='bbox 659 2579 694 2646; x_wconf 91' lang='lat' dir='ltr'><strong>in</strong></span> <span class='ocrx_word' id='word_1_99' title='bbox 719 2580 968 2650; x_wconf 88' lang='lat' dir='ltr'><strong>similitudinem</strong></span> <span class='ocrx_word' id='word_1_100' title='bbox 996 2583 1162 2656; x_wconf 89' lang='lat' dir='ltr'><strong>bominum</strong></span> <span class='ocrx_word' id='word_1_101' title='bbox 1177 2588 1225 2656; x_wconf 85' lang='lat' dir='ltr'><strong>la·</strong></span> 
     </span>
     <span class='ocr_line' id='line_1_14' title="bbox 81 2688 1249 2776; baseline 0.003 -22"><span class='ocrx_word' id='word_1_102' title='bbox 81 2697 168 2776; x_wconf 84' lang='lat' dir='ltr'><strong>etus,</strong></span> <span class='ocrx_word' id='word_1_103' title='bbox 186 2695 224 2758; x_wconf 86' lang='lat' dir='ltr'><strong>et</strong></span> <span class='ocrx_word' id='word_1_104' title='bbox 240 2689 357 2757; x_wconf 84' lang='lat' dir='ltr'><strong>babitu</strong></span> <span class='ocrx_word' id='word_1_105' title='bbox 372 2689 536 2772; x_wconf 89' lang='lat' dir='ltr'><strong>inventus,</strong></span> <span class='ocrx_word' id='word_1_106' title='bbox 552 2701 589 2754; x_wconf 85' lang='lat' dir='ltr'><strong>ut</strong></span> <span class='ocrx_word' id='word_1_107' title='bbox 604 2688 729 2756; x_wconf 83' lang='lat' dir='ltr'><strong>bomo?</strong></span> <span class='ocrx_word' id='word_1_108' title='bbox 746 2689 846 2757; x_wconf 81' lang='lat' dir='ltr'><strong>Cuius</strong></span> <span class='ocrx_word' id='word_1_109' title='bbox 857 2691 996 2762; x_wconf 85' lang='lat' dir='ltr'><strong>viseera</strong></span> <span class='ocrx_word' id='word_1_110' title='bbox 1011 2689 1225 2764; x_wconf 84' lang='lat' dir='ltr'><strong>inflammaret</strong></span> <span class='ocrx_word' id='word_1_111' title='bbox 1241 2748 1249 2758; x_wconf 83' lang='grc'><em>,</em></span> 
     </span>
     <span class='ocr_line' id='line_1_15' title="bbox 79 2795 1225 2890; baseline 0.004 -24"><span class='ocrx_word' id='word_1_112' title='bbox 79 2797 247 2866; x_wconf 74' lang='lat' dir='ltr'><strong>caritatis</strong></span> <span class='ocrx_word' id='word_1_113' title='bbox 261 2799 380 2866; x_wconf 87' lang='lat' dir='ltr'><strong>ardore</strong></span> <span class='ocrx_word' id='word_1_114' title='bbox 395 2799 453 2882; x_wconf 87' lang='lat' dir='ltr'><strong>pia</strong></span> <span class='ocrx_word' id='word_1_115' title='bbox 468 2795 691 2864; x_wconf 74' lang='lat' dir='ltr'><strong>consideratio</strong></span> <span class='ocrx_word' id='word_1_116' title='bbox 707 2795 795 2864; x_wconf 88' lang='lat' dir='ltr'><strong>illius</strong></span> <span class='ocrx_word' id='word_1_117' title='bbox 810 2798 947 2868; x_wconf 86' lang='lat' dir='ltr'><strong>bomilia</strong></span> <span class='ocrx_word' id='word_1_118' title='bbox 956 2801 1058 2871; x_wconf 88' lang='lat' dir='ltr'><strong>tionis</strong></span> <span class='ocrx_word' id='word_1_119' title='bbox 1068 2811 1225 2890; x_wconf 84' lang='lat' dir='ltr'><strong>extreme,</strong></span> 
     </span>
     <span class='ocr_line' id='line_1_16' title="bbox 80 2905 1224 2996; baseline 0.005 -22"><span class='ocrx_word' id='word_1_120' title='bbox 80 2907 206 2992; x_wconf 88' lang='lat' dir='ltr'><strong>inqua</strong></span> <span class='ocrx_word' id='word_1_121' title='bbox 223 2907 299 2992; x_wconf 89' lang='lat' dir='ltr'><strong>ipse</strong></span> <span class='ocrx_word' id='word_1_122' title='bbox 314 2905 402 2974; x_wconf 92' lang='lat' dir='ltr'><strong>idern</strong></span> <span class='ocrx_word' id='word_1_123' title='bbox 416 2906 523 2972; x_wconf 84' lang='lat' dir='ltr'><strong>faetus</strong></span> <span class='ocrx_word' id='word_1_124' title='bbox 539 2905 699 2974; x_wconf 87' lang='lat' dir='ltr'><strong>obediens</strong></span> <span class='ocrx_word' id='word_1_125' title='bbox 724 2925 829 2991; x_wconf 90' lang='lat' dir='ltr'><strong>usqne</strong></span> <span class='ocrx_word' id='word_1_126' title='bbox 844 2907 889 2976; x_wconf 86' lang='lat' dir='ltr'><strong>ad</strong></span> <span class='ocrx_word' id='word_1_127' title='bbox 914 2916 1073 2996; x_wconf 91' lang='lat' dir='ltr'><strong>mortem,</strong></span> <span class='ocrx_word' id='word_1_128' title='bbox 1098 2913 1145 2980; x_wconf 79' lang='lat' dir='ltr'><strong>ad</strong></span> <span class='ocrx_word' id='word_1_129' title='bbox 1169 2934 1224 2980; x_wconf 85' lang='lat' dir='ltr'><strong>ox·</strong></span> 
     </span>
     <span class='ocr_line' id='line_1_17' title="bbox 77 3013 1223 3108; baseline 0.006 -24"><span class='ocrx_word' id='word_1_130' title='bbox 77 3013 320 3103; x_wconf 89' lang='lat' dir='ltr'><strong>probrantium</strong></span> <span class='ocrx_word' id='word_1_131' title='bbox 346 3015 525 3104; x_wconf 86' lang='lat' dir='ltr'><strong>obprobria</strong></span> <span class='ocrx_word' id='word_1_132' title='bbox 552 3033 660 3082; x_wconf 84' lang='lat' dir='ltr'><strong>eoram</strong></span> <span class='ocrx_word' id='word_1_133' title='bbox 686 3013 842 3084; x_wconf 87' lang='lat' dir='ltr'><strong>tondente</strong></span> <span class='ocrx_word' id='word_1_134' title='bbox 869 3038 907 3086; x_wconf 89' lang='lat' dir='ltr'><strong>se</strong></span> <span class='ocrx_word' id='word_1_135' title='bbox 929 3019 1020 3089; x_wconf 85' lang='lat' dir='ltr'><strong>velut</strong></span> <span class='ocrx_word' id='word_1_136' title='bbox 1039 3041 1148 3108; x_wconf 76' lang='lat' dir='ltr'><strong>agnus</strong></span> <span class='ocrx_word' id='word_1_137' title='bbox 1164 3024 1223 3091; x_wconf 87' lang='lat' dir='ltr'><strong>ab·</strong></span> 
     </span>
     <span class='ocr_line' id='line_1_18' title="bbox 78 3123 1223 3215; baseline 0.005 -23"><span class='ocrx_word' id='word_1_138' title='bbox 78 3127 218 3212; x_wconf 81' lang='lat' dir='ltr'><strong>metuit,</strong></span> <span class='ocrx_word' id='word_1_139' title='bbox 237 3132 272 3195; x_wconf 89' lang='lat' dir='ltr'><strong>et</strong></span> <span class='ocrx_word' id='word_1_140' title='bbox 287 3124 373 3192; x_wconf 86' lang='lat' dir='ltr'><strong>siout</strong></span> <span class='ocrx_word' id='word_1_141' title='bbox 388 3123 461 3194; x_wconf 86' lang='lat' dir='ltr'><strong>oris</strong></span> <span class='ocrx_word' id='word_1_142' title='bbox 478 3124 523 3194; x_wconf 90' lang='lat' dir='ltr'><strong>ad</strong></span> <span class='ocrx_word' id='word_1_143' title='bbox 539 3125 737 3192; x_wconf 87' lang='lat' dir='ltr'><strong>oooisiouem</strong></span> <span class='ocrx_word' id='word_1_144' title='bbox 754 3124 890 3206; x_wconf 83' lang='lat' dir='ltr'><strong>duetus,</strong></span> <span class='ocrx_word' id='word_1_145' title='bbox 906 3135 983 3215; x_wconf 89' lang='lat' dir='ltr'><strong>post</strong></span> <span class='ocrx_word' id='word_1_146' title='bbox 1008 3130 1223 3198; x_wconf 85' lang='lat' dir='ltr'><strong>contumelias</strong></span> 
     </span>
     <span class='ocr_line' id='line_1_19' title="bbox 75 3231 1224 3324; baseline 0.003 -22"><span class='ocrx_word' id='word_1_147' title='bbox 75 3241 110 3302; x_wconf 85' lang='lat' dir='ltr'><strong>et</strong></span> <span class='ocrx_word' id='word_1_148' title='bbox 125 3243 307 3320; x_wconf 85' lang='lat' dir='ltr'><strong>terrores,</strong></span> <span class='ocrx_word' id='word_1_149' title='bbox 322 3242 399 3320; x_wconf 90' lang='lat' dir='ltr'><strong>post</strong></span> <span class='ocrx_word' id='word_1_150' title='bbox 414 3233 530 3320; x_wconf 88' lang='lat' dir='ltr'><strong>spinae</strong></span> <span class='ocrx_word' id='word_1_151' title='bbox 547 3237 580 3300; x_wconf 90' lang='lat' dir='ltr'><strong>et</strong></span> <span class='ocrx_word' id='word_1_152' title='bbox 594 3241 704 3322; x_wconf 90' lang='lat' dir='ltr'><strong>sputa,</strong></span> <span class='ocrx_word' id='word_1_153' title='bbox 720 3239 797 3318; x_wconf 89' lang='lat' dir='ltr'><strong>pest</strong></span> <span class='ocrx_word' id='word_1_154' title='bbox 812 3231 947 3320; x_wconf 80' lang='lat' dir='ltr'><strong>flagella</strong></span> <span class='ocrx_word' id='word_1_155' title='bbox 963 3237 1067 3324; x_wconf 83' lang='lat' dir='ltr'><strong>varia,</strong></span> <span class='ocrx_word' id='word_1_156' title='bbox 1083 3248 1160 3324; x_wconf 86' lang='lat' dir='ltr'><strong>post</strong></span> <span class='ocrx_word' id='word_1_157' title='bbox 1174 3238 1224 3306; x_wconf 93' lang='lat' dir='ltr'><strong>di·</strong></span> 
     </span>
     <span class='ocr_line' id='line_1_20' title="bbox 74 3343 1224 3428; baseline 0.002 -16"><span class='ocrx_word' id='word_1_158' title='bbox 74 3364 184 3414; x_wconf 83' lang='lat' dir='ltr'><strong>versa</strong></span> <span class='ocrx_word' id='word_1_159' title='bbox 203 3344 353 3428; x_wconf 88' lang='lat' dir='ltr'><strong>denique</strong></span> <span class='ocrx_word' id='word_1_160' title='bbox 369 3361 493 3428; x_wconf 82' lang='lat' dir='ltr'><strong>genere</strong></span> <span class='ocrx_word' id='word_1_161' title='bbox 509 3347 753 3426; x_wconf 86' lang='lat' dir='ltr'><strong>tormentorum,</strong></span> <span class='ocrx_word' id='word_1_162' title='bbox 763 3343 920 3411; x_wconf 89' lang='lat' dir='ltr'><strong>innoeens</strong></span> <span class='ocrx_word' id='word_1_163' title='bbox 936 3343 1011 3412; x_wconf 87' lang='lat' dir='ltr'><strong>siue</strong></span> <span class='ocrx_word' id='word_1_164' title='bbox 1022 3347 1224 3414; x_wconf 85' lang='lat' dir='ltr'><strong>eausadam·</strong></span> 
     </span>
     <span class='ocr_line' id='line_1_21' title="bbox 71 3449 1225 3537; baseline -0.001 -17"><span class='ocrx_word' id='word_1_165' title='bbox 71 3461 181 3522; x_wconf 87' lang='lat' dir='ltr'><strong>natus</strong></span> <span class='ocrx_word' id='word_1_166' title='bbox 201 3458 241 3522; x_wconf 85' lang='lat' dir='ltr'><strong>et</strong></span> <span class='ocrx_word' id='word_1_167' title='bbox 253 3450 383 3520; x_wconf 87' lang='lat' dir='ltr'><strong>demum</strong></span> <span class='ocrx_word' id='word_1_168' title='bbox 399 3457 568 3520; x_wconf 88' lang='lat' dir='ltr'><strong>saturatus</strong></span> <span class='ocrx_word' id='word_1_169' title='bbox 584 3449 791 3537; x_wconf 86' lang='lat' dir='ltr'><strong>obprobriis,</strong></span> <span class='ocrx_word' id='word_1_170' title='bbox 808 3451 920 3520; x_wconf 83' lang='lat' dir='ltr'><strong>oleris</strong></span> <span class='ocrx_word' id='word_1_171' title='bbox 935 3451 1065 3536; x_wconf 78' lang='lat' dir='ltr'><strong>affixus,</strong></span> <span class='ocrx_word' id='word_1_172' title='bbox 1079 3460 1175 3522; x_wconf 80' lang='lat' dir='ltr'><strong>noeto</strong></span> <span class='ocrx_word' id='word_1_173' title='bbox 1191 3459 1225 3521; x_wconf 87' lang='lat' dir='ltr'><strong>et</strong></span> 
     </span>
     <span class='ocr_line' id='line_1_22' title="bbox 70 3559 1222 3651; baseline 0 -22"><span class='ocrx_word' id='word_1_174' title='bbox 70 3562 156 3630; x_wconf 82' lang='lat' dir='ltr'><strong>selle</strong></span> <span class='ocrx_word' id='word_1_175' title='bbox 173 3565 334 3651; x_wconf 86' lang='lat' dir='ltr'><strong>potatus,</strong></span> <span class='ocrx_word' id='word_1_176' title='bbox 350 3559 524 3628; x_wconf 85' lang='lat' dir='ltr'><strong>oonlessus</strong></span> <span class='ocrx_word' id='word_1_177' title='bbox 541 3560 659 3628; x_wconf 85' lang='lat' dir='ltr'><strong>laneea</strong></span> <span class='ocrx_word' id='word_1_178' title='bbox 680 3559 786 3627; x_wconf 88' lang='lat' dir='ltr'><strong>erneis</strong></span> <span class='ocrx_word' id='word_1_179' title='bbox 802 3560 954 3643; x_wconf 88' lang='lat' dir='ltr'><strong>patibulo</strong></span> <span class='ocrx_word' id='word_1_180' title='bbox 970 3567 1038 3630; x_wconf 89' lang='lat' dir='ltr'><strong>tam</strong></span> <span class='ocrx_word' id='word_1_181' title='bbox 1053 3561 1125 3630; x_wconf 89' lang='lat' dir='ltr'><strong>dire</strong></span> <span class='ocrx_word' id='word_1_182' title='bbox 1140 3582 1222 3630; x_wconf 90' lang='lat' dir='ltr'><strong>mor-</strong></span> 
     </span>
     <span class='ocr_line' id='line_1_23' title="bbox 69 3666 1222 3756; baseline 0.002 -20"><span class='ocrx_word' id='word_1_183' title='bbox 69 3671 117 3738; x_wconf 89' lang='lat' dir='ltr'><strong>tis</strong></span> <span class='ocrx_word' id='word_1_184' title='bbox 133 3671 253 3739; x_wconf 83' lang='lat' dir='ltr'><strong>subiit</strong></span> <span class='ocrx_word' id='word_1_185' title='bbox 279 3669 490 3755; x_wconf 75' lang='lat' dir='ltr'><strong>passionem,</strong></span> <span class='ocrx_word' id='word_1_186' title='bbox 516 3666 700 3734; x_wconf 89' lang='lat' dir='ltr'><strong>misterium</strong></span> <span class='ocrx_word' id='word_1_187' title='bbox 716 3666 952 3754; x_wconf 88' lang='lat' dir='ltr'><strong>redemptionis</strong></span> <span class='ocrx_word' id='word_1_188' title='bbox 968 3675 1080 3740; x_wconf 85' lang='lat' dir='ltr'><strong>nostre</strong></span> <span class='ocrx_word' id='word_1_189' title='bbox 1095 3668 1222 3756; x_wconf 84' lang='lat' dir='ltr'><strong>perilei-</strong></span> 
     </span>
     <span class='ocr_line' id='line_1_24' title="bbox 68 3776 1224 3866; baseline -0.003 -15"><span class='ocrx_word' id='word_1_190' title='bbox 68 3803 155 3866; x_wconf 90' lang='lat' dir='ltr'><strong>eus,</strong></span> <span class='ocrx_word' id='word_1_191' title='bbox 174 3780 262 3850; x_wconf 88' lang='lat' dir='ltr'><strong>sine</strong></span> <span class='ocrx_word' id='word_1_192' title='bbox 279 3799 346 3864; x_wconf 86' lang='lat' dir='ltr'><strong>qua</strong></span> <span class='ocrx_word' id='word_1_193' title='bbox 361 3797 475 3863; x_wconf 88' lang='lat' dir='ltr'><strong>parum</strong></span> <span class='ocrx_word' id='word_1_194' title='bbox 501 3776 597 3846; x_wconf 90' lang='lat' dir='ltr'><strong>nobis</strong></span> <span class='ocrx_word' id='word_1_195' title='bbox 613 3777 772 3846; x_wconf 85' lang='lat' dir='ltr'><strong>nativitas</strong></span> <span class='ocrx_word' id='word_1_196' title='bbox 788 3777 994 3864; x_wconf 81' lang='lat' dir='ltr'><strong>profuisset?</strong></span> <span class='ocrx_word' id='word_1_197' title='bbox 1017 3778 1100 3858; x_wconf 77' lang='lat' dir='ltr'><strong>Quis</strong></span> <span class='ocrx_word' id='word_1_198' title='bbox 1125 3779 1224 3864; x_wconf 80' lang='lat' dir='ltr'><strong>igitur</strong></span> 
     </span>
     <span class='ocr_line' id='line_1_25' title="bbox 67 3886 1224 3974; baseline -0.002 -18"><span class='ocrx_word' id='word_1_199' title='bbox 67 3891 134 3958; x_wconf 89' lang='lat' dir='ltr'><strong>beo</strong></span> <span class='ocrx_word' id='word_1_200' title='bbox 163 3898 204 3957; x_wconf 87' lang='lat' dir='ltr'><strong>et</strong></span> <span class='ocrx_word' id='word_1_201' title='bbox 236 3888 309 3958; x_wconf 86' lang='lat' dir='ltr'><strong>alie</strong></span> <span class='ocrx_word' id='word_1_202' title='bbox 334 3887 500 3974; x_wconf 84' lang='lat' dir='ltr'><strong>largitatis</strong></span> <span class='ocrx_word' id='word_1_203' title='bbox 525 3887 645 3956; x_wconf 83' lang='lat' dir='ltr'><strong>Divine</strong></span> <span class='ocrx_word' id='word_1_204' title='bbox 669 3888 847 3956; x_wconf 86' lang='lat' dir='ltr'><strong>earismatn</strong></span> <span class='ocrx_word' id='word_1_205' title='bbox 872 3886 959 3955; x_wconf 85' lang='lat' dir='ltr'><strong>inira</strong></span> <span class='ocrx_word' id='word_1_206' title='bbox 974 3887 1118 3974; x_wconf 68' lang='lat' dir='ltr'><strong>petitoris</strong></span> <span class='ocrx_word' id='word_1_207' title='bbox 1134 3888 1224 3956; x_wconf 86' lang='lat' dir='ltr'><strong>olau-</strong></span> 
     </span>
     <span class='ocr_line' id='line_1_26' title="bbox 64 3995 1223 4082; baseline -0.006 -13"><span class='ocrx_word' id='word_1_208' title='bbox 64 4010 144 4070; x_wconf 86' lang='lat' dir='ltr'><strong>stra</strong></span> <span class='ocrx_word' id='word_1_209' title='bbox 160 3999 294 4068; x_wconf 85' lang='lat' dir='ltr'><strong>debita</strong></span> <span class='ocrx_word' id='word_1_210' title='bbox 308 4005 343 4066; x_wconf 93' lang='lat' dir='ltr'><strong>et</strong></span> <span class='ocrx_word' id='word_1_211' title='bbox 356 3997 521 4082; x_wconf 87' lang='lat' dir='ltr'><strong>frequenti</strong></span> <span class='ocrx_word' id='word_1_212' title='bbox 537 3995 751 4066; x_wconf 85' lang='lat' dir='ltr'><strong>meditatione</strong></span> <span class='ocrx_word' id='word_1_213' title='bbox 766 3997 959 4078; x_wconf 84' lang='lat' dir='ltr'><strong>revolvens,</strong></span> <span class='ocrx_word' id='word_1_214' title='bbox 975 4016 1042 4064; x_wconf 91' lang='lat' dir='ltr'><strong>non</strong></span> <span class='ocrx_word' id='word_1_215' title='bbox 1057 3995 1145 4064; x_wconf 86' lang='lat' dir='ltr'><strong>intus</strong></span> <span class='ocrx_word' id='word_1_216' title='bbox 1160 3995 1223 4064; x_wconf 82' lang='lat' dir='ltr'><strong>ier.</strong></span> 
     </span>
     <span class='ocr_line' id='line_1_27' title="bbox 63 4103 1221 4190; baseline -0.005 -12"><span class='ocrx_word' id='word_1_217' title='bbox 63 4111 148 4180; x_wconf 82' lang='lat' dir='ltr'><strong>ride</strong></span> <span class='ocrx_word' id='word_1_218' title='bbox 165 4107 256 4180; x_wconf 81' lang='lat' dir='ltr'><strong>zelo</strong></span> <span class='ocrx_word' id='word_1_219' title='bbox 271 4105 457 4176; x_wconf 81' lang='lat' dir='ltr'><strong>deuotionis</strong></span> <span class='ocrx_word' id='word_1_220' title='bbox 472 4125 631 4174; x_wconf 86' lang='lat' dir='ltr'><strong>aooeusus</strong></span> <span class='ocrx_word' id='word_1_221' title='bbox 648 4106 786 4187; x_wconf 82' lang='lat' dir='ltr'><strong>ferveat,</strong></span> <span class='ocrx_word' id='word_1_222' title='bbox 802 4105 882 4174; x_wconf 85' lang='lat' dir='ltr'><strong>foris</strong></span> <span class='ocrx_word' id='word_1_223' title='bbox 894 4103 1043 4190; x_wconf 86' lang='lat' dir='ltr'><strong>ebulliat,</strong></span> <span class='ocrx_word' id='word_1_224' title='bbox 1055 4105 1221 4174; x_wconf 83' lang='lat' dir='ltr'><strong>exolemet</strong></span> 
     </span>
     <span class='ocr_line' id='line_1_28' title="bbox 61 4213 1223 4302; baseline -0.005 -14"><span class='ocrx_word' id='word_1_225' title='bbox 61 4227 99 4288; x_wconf 88' lang='lat' dir='ltr'><strong>et</strong></span> <span class='ocrx_word' id='word_1_226' title='bbox 114 4219 230 4288; x_wconf 86' lang='lat' dir='ltr'><strong>dieat</strong></span> <span class='ocrx_word' id='word_1_227' title='bbox 248 4239 258 4282; x_wconf 79' lang='lat' dir='ltr'><strong>r</strong></span> <span class='ocrx_word' id='word_1_228' title='bbox 287 4213 396 4302; x_wconf 80' lang='lat' dir='ltr'><strong>,Quid</strong></span> <span class='ocrx_word' id='word_1_229' title='bbox 421 4215 600 4284; x_wconf 82' lang='lat' dir='ltr'><strong>retribuam</strong></span> <span class='ocrx_word' id='word_1_230' title='bbox 624 4216 766 4284; x_wconf 92' lang='lat' dir='ltr'><strong>Domino</strong></span> <span class='ocrx_word' id='word_1_231' title='bbox 791 4235 851 4300; x_wconf 86' lang='lat' dir='ltr'><strong>pro</strong></span> <span class='ocrx_word' id='word_1_232' title='bbox 867 4213 1015 4284; x_wconf 89' lang='lat' dir='ltr'><strong>omnibus</strong></span> <span class='ocrx_word' id='word_1_233' title='bbox 1025 4261 1036 4300; x_wconf 98' lang='lat'><strong>,</strong></span> <span class='ocrx_word' id='word_1_234' title='bbox 1052 4233 1115 4299; x_wconf 82' lang='lat' dir='ltr'><strong>que</strong></span> <span class='ocrx_word' id='word_1_235' title='bbox 1131 4215 1223 4284; x_wconf 90' lang='lat' dir='ltr'><strong>retri-</strong></span> 
     </span>
     <span class='ocr_line' id='line_1_29' title="bbox 61 4321 1223 4410; baseline -0.008 -11"><span class='ocrx_word' id='word_1_236' title='bbox 61 4329 142 4399; x_wconf 86' lang='lat' dir='ltr'><strong>buit</strong></span> <span class='ocrx_word' id='word_1_237' title='bbox 160 4324 262 4396; x_wconf 88' lang='lat' dir='ltr'><strong>mihi</strong></span> <span class='ocrx_word' id='word_1_238' title='bbox 273 4321 312 4389; x_wconf 78' lang='lat'><strong>?“</strong></span> <span class='ocrx_word' id='word_1_239' title='bbox 329 4331 364 4393; x_wconf 90' lang='lat' dir='ltr'><strong>et</strong></span> <span class='ocrx_word' id='word_1_240' title='bbox 379 4345 445 4390; x_wconf 93' lang='lat' dir='ltr'><strong>non</strong></span> <span class='ocrx_word' id='word_1_241' title='bbox 461 4330 637 4410; x_wconf 84' lang='lat' dir='ltr'><strong>expeetato</strong></span> <span class='ocrx_word' id='word_1_242' title='bbox 665 4324 846 4408; x_wconf 90' lang='lat' dir='ltr'><strong>monitoris,</strong></span> <span class='ocrx_word' id='word_1_243' title='bbox 864 4324 917 4392; x_wconf 82' lang='lat' dir='ltr'><strong>vel</strong></span> <span class='ocrx_word' id='word_1_244' title='bbox 932 4322 1160 4394; x_wconf 82' lang='lat' dir='ltr'><strong>sollieitateris</strong></span> <span class='ocrx_word' id='word_1_245' title='bbox 1176 4321 1223 4390; x_wconf 83' lang='lat' dir='ltr'><strong>oi·</strong></span> 
     </span>
     <span class='ocr_line' id='line_1_30' title="bbox 57 4431 1222 4519; baseline -0.006 -14"><span class='ocrx_word' id='word_1_246' title='bbox 57 4438 142 4505; x_wconf 81' lang='lat' dir='ltr'><strong>finio</strong></span> <span class='ocrx_word' id='word_1_247' title='bbox 160 4433 364 4519; x_wconf 79' lang='lat' dir='ltr'><strong>subiunget</strong></span> <span class='ocrx_word' id='word_1_248' title='bbox 378 4433 569 4500; x_wconf 86' lang='lat' dir='ltr'><strong>ultroneus:</strong></span> <span class='ocrx_word' id='word_1_249' title='bbox 587 4431 755 4519; x_wconf 79' lang='lat' dir='ltr'><strong>,Galioenr</strong></span> <span class='ocrx_word' id='word_1_250' title='bbox 773 4433 929 4502; x_wconf 84' lang='lat' dir='ltr'><strong>salutaris</strong></span> <span class='ocrx_word' id='word_1_251' title='bbox 944 4431 1152 4518; x_wconf 88' lang='lat' dir='ltr'><strong>aoeipiamet</strong></span> <span class='ocrx_word' id='word_1_252' title='bbox 1166 4451 1222 4498; x_wconf 93' lang='lat' dir='ltr'><strong>no-</strong></span> 
     </span>
     <span class='ocr_line' id='line_1_31' title="bbox 55 4537 1226 4626; baseline -0.009 -9"><span class='ocrx_word' id='word_1_253' title='bbox 55 4569 144 4617; x_wconf 91' lang='lat' dir='ltr'><strong>men</strong></span> <span class='ocrx_word' id='word_1_254' title='bbox 164 4541 321 4610; x_wconf 83' lang='lat' dir='ltr'><strong>Domini</strong></span> <span class='ocrx_word' id='word_1_255' title='bbox 336 4541 501 4608; x_wconf 87' lang='lat' dir='ltr'><strong>iuvooabo</strong></span> <span class='ocrx_word' id='word_1_256' title='bbox 513 4537 550 4606; x_wconf 82' lang='lat'><strong>?“</strong></span> <span class='ocrx_word' id='word_1_257' title='bbox 567 4539 672 4620; x_wconf 79' lang='lat' dir='ltr'><strong>Quem</strong></span> <span class='ocrx_word' id='word_1_258' title='bbox 687 4561 754 4610; x_wconf 94' lang='lat' dir='ltr'><strong>non</strong></span> <span class='ocrx_word' id='word_1_259' title='bbox 770 4541 893 4626; x_wconf 88' lang='lat' dir='ltr'><strong>pudeat</strong></span> <span class='ocrx_word' id='word_1_260' title='bbox 908 4539 1154 4626; x_wconf 72' lang='lat' dir='ltr'><strong>ingratitudinis</strong></span> <span class='ocrx_word' id='word_1_261' title='bbox 1169 4559 1226 4606; x_wconf 52' lang='lat' dir='ltr'><strong>are</strong></span> 
     </span>
    </p>
   </div>
   <div class='ocr_carea' id='block_1_3' title="bbox 51 4646 1217 4822">
    <p class='ocr_par' dir='ltr' id='par_1_3' title="bbox 51 4646 1217 4822">
     <span class='ocr_line' id='line_1_32' title="bbox 51 4646 1217 4746; baseline -0.011 -21"><span class='ocrx_word' id='word_1_262' title='bbox 51 4659 115 4742; x_wconf 81' lang='lat' dir='ltr'><strong>gui</strong></span> <span class='ocrx_word' id='word_1_263' title='bbox 124 4707 138 4746; x_wconf 91' lang='lat'><strong>,</strong></span> <span class='ocrx_word' id='word_1_264' title='bbox 161 4651 267 4739; x_wconf 87' lang='lat' dir='ltr'><strong>quin</strong></span> <span class='ocrx_word' id='word_1_265' title='bbox 282 4649 393 4736; x_wconf 88' lang='lat' dir='ltr'><strong>potius</strong></span> <span class='ocrx_word' id='word_1_266' title='bbox 408 4647 449 4718; x_wconf 88' lang='lat' dir='ltr'><strong>de</strong></span> <span class='ocrx_word' id='word_1_267' title='bbox 466 4649 663 4720; x_wconf 81' lang='lat' dir='ltr'><strong>infidelitate</strong></span> <span class='ocrx_word' id='word_1_268' title='bbox 680 4651 786 4717; x_wconf 84' lang='lat' dir='ltr'><strong>notari</strong></span> <span class='ocrx_word' id='word_1_269' title='bbox 796 4700 804 4734; x_wconf 93' lang='lat'><strong>,</strong></span> <span class='ocrx_word' id='word_1_270' title='bbox 824 4651 852 4716; x_wconf 91' lang='lat' dir='ltr'><strong>si</strong></span> <span class='ocrx_word' id='word_1_271' title='bbox 876 4649 1018 4716; x_wconf 83' lang='lat' dir='ltr'><strong>creatori</strong></span> <span class='ocrx_word' id='word_1_272' title='bbox 1033 4648 1087 4732; x_wconf 94' lang='lat' dir='ltr'><strong>pio</strong></span> <span class='ocrx_word' id='word_1_273' title='bbox 1097 4695 1105 4729; x_wconf 92' lang='lat'><strong>,</strong></span> <span class='ocrx_word' id='word_1_274' title='bbox 1123 4646 1217 4712; x_wconf 91' lang='lat' dir='ltr'><strong>bene·</strong></span> 
     </span>
     <span class='ocr_line' id='line_1_33' title="bbox 958 4757 1008 4822; baseline 0 -24"><span class='ocrx_word' id='word_1_275' title='bbox 958 4757 980 4822; x_wconf 77' lang='lat'>5</span> <span class='ocrx_word' id='word_1_276' title='bbox 989 4757 1008 4798; x_wconf 55' lang='grc' dir='ltr'>ὑ</span> 
     </span>
    </p>
   </div>
   <div class='ocr_carea' id='block_1_4' title="bbox 0 0 1562 5166">
    <p class='ocr_par' dir='ltr' id='par_1_4' title="bbox 0 0 1562 5166">
     <span class='ocr_line' id='line_1_34' title="bbox 0 0 1562 5166; baseline 0 19"><span class='ocrx_word' id='word_1_277' title='bbox 0 0 1562 5166; x_wconf 95' lang='lat' dir='ltr'><strong> </strong></span> 
     </span>
    </p>
   </div>
  </div>
 </body>
</html>
