3142 5164
824 307 984 412 ‚Ea

348 507 489 576 nerabili
505 506 607 574 fratre
623 505 820 576 Lodomerio
837 509 1004 595 Episcopo
1019 508 1231 582 waradiensi
1248 507 1470 594 Strigonicnsi

347 618 460 684 Eleeto
478 615 727 685 deliberationis
743 618 847 704 ipsius
864 617 1192 704 exituscouquievit,
1208 624 1242 686 et
1256 618 1470 687 consideran-

348 733 407 810 tes,
424 727 511 810 quod
527 727 612 794 sieut
627 727 809 796 assertione
825 725 991 810 fidedigna
1005 729 1201 814 recepimus,
1217 729 1267 794 vir
1282 727 1383 794 estin
1393 747 1467 794 eon-
1556 741 1557 766 l

347 835 423 904 silio
448 833 623 921 providus,
650 837 681 900 in
707 834 836 903 actibus
852 841 1014 920 strenuus,
1031 836 1150 904 virtute
1166 819 1297 921 pollens
1319 840 1353 902 et
1367 834 1469 920 iama,

347 945 461 1028 sicque
477 943 511 1010 iu
526 941 734 1010 waradiensi
752 943 904 1012 Ecclesia
919 964 985 1011 non
1001 945 1108 1012 solum
1123 943 1273 1030 fideliter,
1289 942 1350 1011 sed
1365 943 1469 1012 etuti-

347 1051 422 1118 liter
437 1051 641 1128 ministravit,
658 1057 693 1117 ut
708 1069 806 1138 super
822 1069 930 1136 pauca
947 1051 1065 1136 fidelis,
1083 1071 1182 1137 super
1197 1053 1301 1120 multa
1311 1050 1469 1119 constitui
1556 1063 1557 1116 l

346 1167 530 1245 mereatur,
556 1179 666 1226 cuma
690 1159 818 1226 vinculo
840 1179 904 1243 quo
929 1160 1036 1228 eidem
1062 1160 1272 1228 waradiensi
1293 1161 1468 1230 tenebatur
1556 1147 1557 1238 l

347 1269 514 1355 Ecclesia,
539 1269 615 1336 de
606 1286 749 1354 ipsorum
775 1268 912 1334 fratrum
929 1267 1065 1336 consilio
1080 1275 1112 1335 et
1128 1269 1318 1356 Apostolioe
1334 1269 1465 1354 pterim
1556 1265 1557 1322 ἒ

347 1378 423 1445 dine
441 1377 615 1466 potestatis
632 1377 783 1444 duximus
793 1376 1039 1463 absolvendum,
1055 1382 1089 1445 et
1104 1376 1148 1443 ad
1164 1376 1288 1444 dictam
1304 1377 1465 1462 Strigoni·

347 1505 458 1556 ensem
484 1487 721 1556 transferentes
736 1486 933 1570 Ecclesiam,
950 1492 1083 1572 propter
1098 1493 1264 1570 urgentem
1281 1487 1466 1553 necessita-

346 1603 411 1665 tem
427 1601 460 1664 et
477 1595 661 1663 evidentem
672 1594 846 1662 utilitatem
862 1595 975 1680 ipsius,
993 1613 1067 1662 eum
1084 1595 1147 1683 ipsi
1163 1592 1350 1679 preficimus
1366 1591 1402 1661 in
1412 1595 1467 1661 Ar-

346 1705 590 1793 chiepiscopum
610 1711 642 1770 et
658 1705 834 1787 Pastorem,
852 1702 1082 1770 nichilominus
1098 1703 1142 1783 iut
1158 1703 1202 1770 ad
1227 1701 1368 1770 eandem
1393 1701 1468 1770 Stri-
1556 1719 1557 1732 ¹

346 1815 538 1899 goniensem
554 1813 739 1881 Ecclesiam
765 1811 869 1880 libere
894 1815 1050 1896 transeat,
1078 1812 1143 1880 sibi
1169 1811 1336 1878 licentiam
1355 1831 1468 1879 couce-

347 1925 476 1992 dentes.
503 1923 568 1990 Illa
594 1922 655 1991 sub
681 1940 740 2009 spe
766 1922 888 1990 Divina
914 1920 1136 1988 misericordie
1163 1924 1325 2005 concepta
1353 1919 1396 1987 de
1412 1939 1469 1986 rua
1556 1953 1557 1956 ¹

348 2031 639 2118 circumspectione
656 2031 798 2114 fiducia,
815 2028 903 2113 qnod
920 2023 992 2094 eum
1008 2029 1072 2116 ipsi
1089 2029 1307 2112 strigoniensi
1322 2029 1469 2096 Ecclesia

350 2140 400 2210 sie
416 2139 632 2228 spiritualiter
649 2145 683 2206 et
698 2139 922 2226 temporaliter
937 2136 1047 2204 utilem
1066 2136 1256 2222 exhibebit,
1272 2135 1361 2220 quod
1378 2137 1469 2203 illata

348 2249 414 2317 sibi
424 2269 482 2336 per
492 2247 737 2315 diuturnitatem
755 2247 939 2316 vacationis
953 2245 1109 2331 dampna,
1122 2248 1193 2312 Deo
1210 2243 1405 2327 auxiliante,
1421 2261 1469 2310 re-

348 2357 480 2441 sarciet,
497 2357 679 2425 deformata
696 2373 754 2423 sue
769 2356 874 2423 forme
889 2355 1041 2422 restituet
1066 2362 1099 2421 et
1114 2353 1285 2438 deperdita
1310 2353 1470 2421 instaura·

347 2467 404 2533 bit.
431 2463 591 2544 Quocirca
618 2461 867 2532 universitatem
893 2469 1038 2530 vestram
1063 2481 1244 2545 monemus,
1267 2479 1427 2547 rogamus
1442 2467 1470 2527 et

348 2576 514 2642 hortamur
539 2577 684 2658 attente,
709 2591 767 2656 per
792 2572 985 2658 Apostoliea
1008 2571 1102 2638 robis
1127 2573 1252 2659 scripta
1269 2573 1471 2654 mandantes,

349 2691 509 2769 quatenus
536 2680 675 2750 eundem
701 2680 868 2766 Electum,
895 2700 968 2748 oum
995 2681 1113 2750 advos
1130 2680 1332 2766 pervenerit,
1348 2677 1471 2746 ilariter

349 2791 579 2875 admittentes,
604 2807 645 2855 ac
671 2788 783 2857 debito
810 2777 1050 2875 prosequentes
1074 2791 1212 2882 honore,
1228 2786 1292 2854 sibi
1308 2793 1472 2871 tamquam

350 2897 497 2968 membra
513 2897 616 2984 capiti
632 2898 753 2966 devote
769 2896 925 2984 obsequi,
952 2899 1087 2982 eiusque
1104 2897 1290 2965 salubribus
1308 2893 1472 2962 mandatis

350 3015 384 3076 et
399 3007 530 3076 monitis
548 3005 729 3074 efficaciter
745 3005 915 3100 intendere
932 3007 1093 3075 studeatis
1111 3032 1119 3074 :
1137 3007 1184 3073 ita
1201 3006 1289 3091 quod
1306 3005 1406 3074 vobis
1428 3004 1473 3069 ei-

318 3205 319 3208 *
350 3115 425 3183 dem
451 3114 728 3200 obsequentibus,
756 3120 792 3182 ut
807 3115 955 3200 debetis,
971 3122 1005 3182 et
1030 3115 1102 3200 ipso
1123 3115 1238 3199 vobis,
1255 3121 1290 3181 ut
1306 3112 1474 3194 condecet,

349 3225 546 3312 presidente,
562 3223 596 3290 in
623 3223 762 3291 ornata
787 3228 900 3290 mutua
926 3221 1030 3306 ipsius
1055 3229 1088 3290 et
1112 3229 1223 3292 restra
1238 3217 1475 3307 Strigoniensis

349 3333 520 3420 provincia
547 3334 580 3398 in
605 3333 743 3400 Domino
768 3334 900 3417 vigeat,
926 3339 959 3397 et
974 3331 1007 3397 in
1023 3331 1127 3417 ipsius
1152 3329 1368 3417 beneplacita
1391 3329 1475 3398 salu·

351 3442 452 3509 briter
467 3439 637 3524 dirigatur.
664 3439 820 3525 Alioquin
836 3441 1045 3523 sententiam,
1062 3459 1160 3523 quam
1176 3440 1248 3526 ipse
1265 3443 1402 3525 propter
1417 3433 1475 3500 hoe

349 3553 413 3619 rite
427 3549 541 3618 tulerit
554 3547 589 3614 in
604 3548 759 3632 rebelles,
771 3553 879 3614 ratam
895 3547 1087 3616 habebimas
1103 3552 1164 3614 eto.
1180 3565 1282 3631 usque
1296 3541 1475 3615 observari.

350 3659 472 3726 Datum
486 3659 591 3725 Rome
606 3657 695 3743 apud
712 3655 869 3724 Sanctum
886 3656 1017 3724 Petrum
1033 3655 1148 3724 Idibus
1165 3654 1264 3721 Junii.
1281 3651 1475 3738 (Pontifica-

350 3775 402 3836 tus
418 3763 540 3852 nostri)
556 3785 643 3834 anno
661 3763 817 3834 secundo.

458 3876 507 3942 Iu.
533 3895 562 3942 e.
588 3895 630 3941 m.
656 3872 828 3962 Proposito
844 3879 877 3941 et
893 3871 1048 3960 capituto
1064 3869 1302 3959 strigoniensis
1317 3866 1475 3936 Ecclesia

460 3983 513 4050 Ad
528 3983 641 4052 utilem
657 3982 878 4069 provisionem
894 3988 957 4050 etc.
975 3980 1188 4050 instaurabis.
1213 3979 1380 4059 Quocirca
1405 3978 1476 4045 uui·

352 4091 545 4160 cessitatem
571 4098 717 4160 vestram
738 4110 921 4178 monemus,
938 4107 1093 4176 rogamus
1109 4096 1143 4156 et
1157 4089 1328 4157 hortamur
1342 4092 1474 4168 attente,

351 4219 410 4286 per
425 4197 619 4285 Apostolicc
643 4199 740 4269 vobis
767 4199 892 4286 scripta
916 4200 1132 4282 mandantes,
1158 4203 1323 4284 quatenus
1339 4196 1475 4264 eunden

350 4309 500 4390 Electum
525 4327 595 4376 cum
620 4311 729 4393 gratia
743 4307 981 4378 benedictionis
1009 4315 1119 4377 nostre
1135 4304 1178 4375 ad
1194 4307 1303 4393 ipsam
1318 4301 1476 4388 Str'igoni·

350 4434 463 4484 ensem
487 4417 674 4485 Ecclesiam
704 4417 915 4485 accedentem
943 4417 1152 4484 admittentes
1168 4414 1305 4500 ilariter,
1323 4418 1357 4482 et
1374 4411 1477 4479 eidem

352 4523 634 4594 honorificentiam
651 4526 739 4610 patri
755 4523 921 4612 spirituali
936 4522 1094 4608 debitam,
1106 4523 1312 4607 exhibentes,
1324 4519 1478 4588 sibitam·

350 4653 452 4724 quam
475 4635 565 4704 Patri
589 4641 622 4704 et
637 4635 766 4704 Pastori
780 4633 965 4703 animarum
980 4641 1162 4703 sesmarum
1176 4628 1378 4720 impendatis
1394 4630 1470 4699 obe·
