3154 5166
125 1144 158 1210 A
174 1147 323 1234 pocsooys'
337 1145 495 1231 kdptaleo
510 1138 792 1228 bizocpsdpleceta',
809 1139 887 1226 hopy
904 1139 1044 1204 Korcdut'
1060 1138 1142 1226 Saepe
1160 1139 1253 1204 intec-

126 1255 292 1322 Ieeddsc‘dez
306 1254 409 1342 tepor
425 1252 533 1319 susak
548 1251 687 1317 duditdses'
702 1249 797 1314 Boea
821 1252 903 1314 acori
923 1251 1079 1336 aaolpdjctt
1094 1247 1255 1314 szcbudda'

528 1358 730 1426 docsdtottctk.
757 1357 854 1424 1289.

519 1611 558 1678 A.
666 1611 705 1678 B.
817 1609 853 1676 O.

234 1810 403 1880 Vniuersis
420 1807 541 1878 Christi
566 1805 719 1874 fidelibus
747 1813 921 1893 presentes
943 1808 1070 1874 litteras
1087 1808 1252 1895 inspectu·

129 1923 178 1988 ris
204 1920 390 2006 Capitulum
415 1918 569 1986 Ecclesia
593 1916 807 1984 Posoniensis
833 1917 972 1984 satutem
998 1917 1030 1982 in
1051 1919 1170 1984 salutis
1186 1939 1251 1985 arr·

123 2040 224 2098 ctore.
250 2028 302 2096 ad
327 2031 551 2096 uniuersorum
579 2024 735 2090 noticiam
752 2031 865 2092 tenore
882 2026 1086 2111 presencium
1104 2026 1249 2094 uolumus

121 2137 320 2224 peruenire,
346 2135 434 2220 quod
450 2131 610 2200 accedens
627 2132 672 2200 ad
690 2139 836 2200 nostram
853 2135 1057 2219 presenciam
1074 2136 1250 2220 personali·

125 2253 178 2314 ter
195 2244 336 2328 quedam
362 2242 495 2308 domina
512 2239 634 2310 (thanis
649 2241 790 2326 nomine,
807 2239 876 2308 filia
892 2242 979 2328 Suge
995 2242 1180 2326 deOorcha,
1193 2264 1250 2330 pro

124 2375 163 2422 se
181 2362 214 2422 et
230 2373 289 2440 pro
305 2355 403 2420 Petro
421 2352 523 2418 fratre
538 2369 599 2418 suo
616 2350 764 2435 paruolo,
781 2349 867 2418 siout
881 2348 974 2433 dixit,
990 2369 1030 2416 ac
1047 2371 1106 2436 pro
1123 2349 1250 2419 duabus

121 2463 290 2532 sororibus
316 2462 384 2530 suis
408 2459 522 2527 Thena
548 2464 582 2525 et
608 2458 714 2546 Pytho
742 2461 897 2546 uocatis,
919 2465 951 2526 et
967 2461 1070 2527 eciam
1086 2482 1144 2548 pro
1160 2463 1252 2530 Luca

121 2583 264 2658 cognato
289 2591 349 2640 suo
374 2571 443 2637 utto
468 2567 589 2637 Vroohi
615 2567 711 2635 nobis
733 2572 886 2654 exposuit
902 2570 1041 2636 oraculo
1058 2571 1133 2638 sine
1149 2571 1251 2654 uocis,

120 2683 212 2764 quod
237 2701 309 2748 cum
335 2681 370 2746 in
394 2678 568 2746 retroactis
597 2677 800 2762 temporibus
828 2684 924 2764 pater
959 2677 1104 2745 eiusdem
1121 2681 1251 2747 domine

120 2788 265 2873 Ghsnir,
291 2786 457 2874 predictos
475 2785 562 2872 Suge
588 2786 673 2853 bone
699 2787 871 2872 memorie,
897 2786 972 2854 dum
989 2785 1097 2854 adhue
1112 2787 1248 2874 uiueret,

119 2894 289 2982 quendam
315 2915 443 2964 seruum
469 2915 561 2964 suum
588 2895 682 2962 Boxa
708 2895 848 2982 nomine,
865 2913 960 2979 quem
976 2893 1017 2962 de
1034 2893 1175 2978 quadam
1192 2917 1249 2975 anf

118 3005 201 3072 oilla
217 3023 277 3072 sua
295 3005 453 3088 empticia
462 3003 641 3072 carnaliter
656 3022 716 3088 per
732 3003 839 3092 ipsum
858 3003 989 3088 cognita
999 3010 1170 3089 genuerat,
1187 3024 1247 3090 pro

117 3111 193 3181 Deo
220 3121 252 3180 et
278 3131 338 3198 pro
364 3113 471 3180 salute
496 3113 689 3198 animosae,
717 3117 750 3180 et
765 3113 948 3198 presertim,
966 3114 1043 3198 quia
1058 3115 1099 3182 de
1114 3115 1248 3202 proprio

120 3241 183 3290 suo
201 3221 327 3290 semine
344 3221 431 3290 idem
447 3222 541 3292 Boxa
558 3221 666 3290 fuerat
680 3231 884 3310 promentes,
898 3221 1143 3292 manumisisset
1153 3230 1250 3310 atque

116 3332 265 3402 libertati
282 3331 450 3418 donasset,
466 3351 552 3400 nunc
568 3351 610 3398 ex
625 3350 710 3400 nouo
727 3332 844 3400 eadem
860 3331 994 3402 domina
1016 3331 1157 3418 Ohauir,
1180 3341 1247 3402 tem

116 3461 178 3526 pro
195 3459 243 3524 se,
260 3457 358 3523 quam
373 3459 433 3526 pro
449 3441 546 3508 Petro
562 3441 665 3508 tratre
678 3459 749 3527 suo,
765 3447 798 3509 et
812 3461 872 3530 pro
889 3441 1057 3512 sororibus
1072 3441 1247 3512 antedictis

114 3548 234 3616 'Phene
250 3553 284 3614 et
298 3548 405 3635 Pytho
416 3547 553 3632 uocatis,
570 3567 611 3616 ac
627 3547 734 3616 eciam
749 3568 807 3633 pro
823 3550 913 3618 Luca
927 3557 1068 3636 cognato
1085 3571 1155 3638 sno,
1173 3571 1245 3618 oum

114 3675 282 3726 consensu
298 3663 331 3726 et
346 3653 554 3742 beneplacito
571 3656 745 3726 eorundem
762 3657 847 3728 sicut
864 3659 958 3746 dixit,
969 3657 1108 3727 eundem
1117 3660 1243 3728 Boxum

118 3785 194 3832 cum
210 3766 297 3834 omni
313 3765 509 3850 posteritate
525 3785 585 3836 sua
604 3787 663 3854 pro
680 3767 753 3836 Deo
770 3773 802 3836 st
817 3788 875 3854 pro
892 3767 998 3838 salute
1014 3761 1122 3836 anitiae
1139 3773 1245 3855 patris

115 3875 171 3945 sui
188 3875 221 3942 in
243 3875 349 3944 nostri
375 3878 551 3961 presencia
576 3876 785 3959 manumisit,
809 3883 910 3963 atque
934 3883 1092 3966 perpetue
1107 3877 1243 3946 donauit

112 3985 267 4068 liberati,
295 3985 407 4052 dando
424 3982 529 4052 eidem
545 3987 635 4053 Boxe
653 3993 686 4052 et
701 4005 760 4056 sue
776 3986 971 4073 posteritati
987 3987 1125 4056 liberam
1141 3987 1246 4056 facul-

116 4098 222 4162 tatem
237 4084 432 4179 ubicunque'
450 4100 483 4160 et
507 4094 598 4180 apud
614 4114 824 4181 quoscunque
841 4097 986 4164 uoluerit
1001 4096 1245 4186 commorandi,

113 4209 149 4272 et
164 4202 199 4268 in
213 4220 313 4289 supra
329 4201 491 4287 obligauit
506 4223 543 4272 se
559 4203 674 4272 eadem
692 4204 824 4272 domina
852 4205 980 4274 dhanir
996 4227 1055 4293 pro
1071 4209 1167 4276 Petro
1184 4205 1247 4276 fra-

111 4319 162 4377 tre
179 4329 241 4380 suo
257 4317 291 4378 et
306 4331 365 4398 pro
380 4310 547 4382 sororibus
563 4313 632 4382 suis
648 4313 896 4400 prenominatis,
917 4333 957 4381 ac
972 4335 1032 4402 pro
1048 4315 1149 4399 Luca,
1160 4314 1246 4400 quod

114 4419 303 4505 quicunque
318 4440 478 4509 processu
491 4429 693 4510 temporum,
721 4423 856 4492 eundem
874 4426 997 4492 Boxum
1014 4423 1067 4492 uei
1082 4445 1173 4494 suam
1189 4445 1246 4516 po-

116 4526 303 4598 steritatem
326 4529 460 4598 racione
486 4530 625 4619 pristine
648 4532 813 4604 seruitutis
839 4539 1052 4621 attemptaret
1083 4535 1241 4622 impetere

113 4637 169 4706 uei
196 4655 330 4721 nexare,
355 4646 543 4710 tenerentur
559 4640 666 4728 ipsum
690 4643 814 4712 Boram
840 4651 870 4714 et
896 4664 988 4714 suam
1014 4644 1238 4730 posteritatem
