3116 5166
794 309 954 408 *ce—

315 505 475 590 intuitum,
493 505 748 588 discriminaque
764 505 984 592 considerent,
1007 521 1069 588 que
1085 522 1146 590 per
1162 504 1223 571 hoc
1239 503 1346 570 eidem
1361 499 1443 566 fidei

316 612 497 681 orthodoxe
520 633 585 678 non
612 623 663 680 est
678 613 811 680 dubium
828 612 1014 696 imminere,
1044 611 1088 677 ad
1105 609 1337 679 assumendum
1352 613 1443 674 terre

316 719 466 806 sepefate
482 723 647 806 negotium
664 742 701 790 se
716 724 825 808 potius
850 723 1019 807 ingerent,
1034 740 1131 804 quam
1158 719 1293 786 invitari
1318 718 1363 784 ad
1378 716 1443 782 boc

316 829 575 898 commonitionis
600 830 741 900 alicuius
767 830 922 918 suffragio
947 831 1169 916 expectabunt
1196 851 1205 893 r
1229 829 1307 914 qnia
1330 833 1443 892 tamen

314 957 494 1025 speramus,
513 937 598 1023 quod
614 961 730 1008 vocem
745 940 877 1008 virtutis
892 941 1004 1007 tribuit
1019 939 1178 1007 Dominus
1194 937 1267 1006 voci
1284 955 1353 1015 sue,
1370 953 1444 1001 ver·
1549 923 1550 930 '

315 1047 391 1113 bum
409 1046 515 1115 crucis
531 1046 572 1113 ed
586 1049 823 1134 promotionem
840 1048 942 1135 ipsius
968 1049 1092 1134 negotii
1107 1049 1140 1114 iu
1157 1048 1275 1114 vestris
1291 1041 1442 1113 civitati-

316 1157 376 1222 bus
394 1165 427 1222 et
441 1155 636 1224 Diocesibus
658 1156 863 1224 decrevimus
883 1157 1143 1243 proponendum,
1155 1156 1199 1222 ad
1211 1154 1350 1238 quodec
1366 1169 1442 1216 con·

316 1263 467 1333 fidentius
491 1283 650 1350 personas
676 1275 805 1334 vestras
822 1266 974 1334 duximus
992 1265 1175 1350 eligendas,
1193 1281 1255 1346 quo
1272 1260 1380 1346 magis
1397 1257 1443 1324 ad

317 1373 352 1438 id
369 1371 457 1438 fame
473 1379 581 1440 vestre
598 1373 734 1440 claritas
751 1381 783 1440 et
807 1373 986 1458 pastoralis
1004 1371 1105 1440 officii
1121 1359 1266 1440 debitum
1282 1388 1342 1435 nos
1358 1367 1443 1433 invi·

317 1486 375 1545 tat.
390 1479 532 1564 Ideoque
548 1480 747 1547 fraternitati
771 1487 880 1548 vestre
905 1480 1140 1566 predicationis
1167 1477 1311 1547 odicium
1327 1477 1363 1542 iu
1378 1476 1443 1542 eis·

319 1589 393 1654 dem
410 1587 606 1656 Civitatibus
631 1596 665 1654 et
689 1589 884 1656 Diocesibus
908 1591 1110 1676 presentium
1134 1587 1329 1656 auctoritate
1356 1605 1444 1652 corn·

319 1698 476 1767 mittimus
492 1699 525 1763 iu
542 1698 769 1775 remissionem
785 1699 1010 1783 peccaminum
1026 1696 1234 1782 iniungentes
1244 1746 1253 1781 ,
1280 1701 1445 1780 quatenus
1552 1756 1553 1764 ,

318 1811 352 1875 in
379 1807 562 1874 huiusmodi
589 1805 698 1873 officio
725 1806 817 1874 iuxta
844 1803 956 1872 datam
983 1805 1079 1874 vobis
1105 1827 1126 1872 a
1150 1803 1222 1874 Deo
1240 1805 1445 1890 prudentiam

318 1917 545 2002 procedentes,
561 1915 641 1981 illud
658 1915 836 1982 efficaciter
851 1923 884 1980 et
899 1913 1088 2000 prudenter,
1099 1935 1164 1981 non
1176 1914 1338 1999 obstante,
1356 1910 1446 1995 quod

282 2083 286 2094 .
319 2025 379 2090 boc
394 2023 477 2091 idem
493 2025 551 2089 alii
567 2023 701 2090 forsitan
729 2025 773 2090 sit
798 2023 1017 2104 commissum,
1027 2023 1154 2106 'exequi
1170 2023 1350 2107 studeatis;
1376 2042 1445 2088 om·

320 2153 379 2201 nes
396 2152 476 2217 quos
492 2131 554 2199 hoc
572 2127 659 2218 (lgy)
675 2131 774 2198 utiles
790 2130 859 2199 fore
874 2131 1047 2216 putabitis,
1058 2131 1235 2198 instantius
1250 2127 1448 2208 inducendo,
1553 2173 1554 2186 r

320 2248 355 2306 ut
371 2241 590 2327 suscipientes
608 2259 680 2305 curn
697 2241 880 2306 reverentia
896 2239 1025 2322 siguum
1042 2241 1168 2326 crucis,
1185 2241 1358 2326 ipsamque
1375 2239 1448 2304 suis

320 2347 469 2418 cordibus
486 2357 518 2414 et
533 2349 680 2416 humeris
697 2347 882 2433 affigentes,
899 2349 944 2415 ad
960 2355 1045 2416 terre
1062 2356 1239 2416 memorate
1255 2365 1449 2414 succursum

319 2459 457 2526 viriliter
480 2479 517 2524 se
534 2457 714 2542 accingant
724 2507 734 2544 ,
752 2477 792 2522 ac
807 2455 912 2542 ipsius
929 2459 1097 2540 negotium
1123 2455 1261 2524 fideliter
1278 2475 1450 2540 exequan-

320 2577 381 2634 tur.
399 2565 441 2632 Et
455 2573 490 2632 ut
505 2565 605 2650 iidem
632 2565 750 2633 fideles
767 2565 932 2650 premissa
948 2585 987 2632 ec
1004 2566 1181 2650 libentius,
1198 2585 1301 2650 eoque
1317 2563 1450 2632 ferven-

321 2678 385 2742 tius
401 2675 558 2762 prosequi
574 2674 748 2760 studeant‘,
776 2693 838 2757 quo
854 2674 1017 2760 potiorem
1033 2693 1070 2740 se
1086 2675 1236 2741 noverint
1251 2672 1389 2739 fructum
1407 2693 1451 2738 ex

322 2785 389 2850 suis
406 2783 576 2850 laboribus
601 2789 814 2868 percepturos
824 2833 833 2868 ,
851 2803 911 2850 nos
929 2783 970 2850 de
987 2781 1227 2870 Omnipotentis
1243 2783 1307 2850 Dei
1323 2784 1451 2849 miseri·

322 2893 444 2978 cordia,
463 2898 496 2957 et
511 2895 687 2959 Beatcrum
703 2893 794 2958 Petri
811 2897 845 2959 et
859 2891 956 2959 Pauli
972 2893 1204 2977 Apostolorum
1222 2891 1293 2960 eius
1309 2893 1451 2958 auctori-

322 3013 390 3072 tate
406 3001 528 3084 confisi,
546 3009 579 3068 et
594 3001 662 3088 illa,
680 3021 779 3086 quam
795 2987 892 3069 nobis
908 2999 998 3069 Deus
1025 3001 1154 3087 ligandi
1178 3007 1279 3085 atque
1295 2997 1452 3068 solvendi

322 3113 476 3197 contulit,
504 3117 689 3197 potestate,
717 3113 866 3180 omnibus
892 3131 970 3178 vere
986 3111 1211 3196 penitentibus
1228 3119 1261 3179 et
1277 3111 1452 3180 confessis

322 3225 379 3309 qui
406 3221 591 3288 huiusmodi
616 3222 763 3288 laborem
788 3220 962 3289 salutifere
987 3223 1094 3289 erucis
1121 3222 1215 3307 signo
1242 3226 1401 3306 suscepto
1419 3221 1454 3285 in

322 3332 471 3418 personis
496 3331 640 3418 propriis
666 3331 838 3416 subierint,
856 3339 888 3398 et
906 3333 1073 3418 expensis,
1089 3333 1221 3418 plenam
1238 3335 1455 3417 peccatorum

323 3459 473 3521 suorum,
502 3440 544 3505 de
562 3439 680 3522 quibus
698 3439 797 3506 corde
820 3440 951 3506 contriti
967 3447 999 3508 et
1015 3462 1072 3508 ore
1089 3439 1234 3508 confessi
1250 3438 1381 3520 fuerint,
1399 3457 1456 3507 ve·

322 3551 410 3616 niam
427 3549 648 3634 indulgemus,
665 3556 699 3615 et
714 3551 747 3616 in
763 3548 1011 3617 retributionem
1027 3549 1183 3617 iustorum
1201 3549 1319 3616 salutis
1336 3553 1458 3614 eterne

322 3657 519 3744 pollicemur
534 3664 757 3742 augmentum.
776 3657 833 3724 ldis
849 3663 971 3741 autem,
998 3659 1134 3741 quinon
1150 3657 1185 3723 in
1200 3656 1352 3742 personis
1379 3675 1457 3744 pro·

323 3767 403 3852 priis
429 3767 507 3833 illuc
533 3768 752 3850 accesserint,
778 3766 888 3834 sedin
906 3766 976 3832 suis
993 3765 1166 3834 dumtaxat
1181 3765 1339 3852 expensis
1355 3765 1459 3832 iuxta

324 3877 503 3960 qualitates
528 3885 561 3941 et
585 3875 761 3943 facultates
788 3893 868 3942 suas
893 3877 982 3941 viros
996 3874 1149 3962 ydoneos
1166 3872 1365 3941 destinarint
1382 3875 1460 3941 illic

324 3985 417 4050 iuxta
428 3982 636 4069 providentie
661 3989 771 4050 vestre
796 3983 966 4051 arbitrium
982 3990 1187 4068 moraturos3
1205 3987 1238 4049 et
1253 3981 1320 4050 illis
1337 3981 1461 4050 simili-

325 4099 387 4178 ter,
405 4091 461 4175 qui
476 4091 557 4157 licet
572 4090 605 4155 in
622 4091 744 4160 alienis
761 4091 938 4179 expensis,
954 4091 990 4158 in
1006 4091 1158 4178 personis
1175 4097 1287 4158 tamen
1310 4091 1464 4176 propriis

325 4206 492 4286 assumpte
526 4201 801 4287 peregrinationis
832 4203 1021 4270 uniusmodi
1052 4203 1201 4270 laborem
1233 4199 1465 4288 impleverint,

326 4309 459 4394 plenam
476 4327 606 4377 suorum
622 4307 835 4377 concedimus
850 4308 983 4377 veniam
1008 4315 1229 4394 peccatorum.
1255 4307 1467 4377 Huiusmodi

325 4437 454 4502 quoque
481 4419 683 4488 remissionis
701 4419 852 4486 volumus
869 4437 943 4486 esse
968 4417 1148 4504 participes
1177 4419 1271 4484 iuxta
1286 4419 1466 4502 quantita·

326 4535 390 4596 tem
408 4529 546 4597 subsidii
563 4537 596 4594 et
612 4529 798 4598 devotionis
814 4526 964 4596 affectum
991 4547 1114 4614 omnes,
1132 4528 1187 4612 qui
1203 4525 1248 4593 ad
1264 4527 1466 4597 subventio-

326 4658 401 4706 nem
417 4638 521 4724 ipsius
537 4637 666 4724 negotii
682 4637 723 4704 de
749 4637 845 4706 bonis
863 4638 932 4706 suis
949 4655 1095 4725 congrue
1110 4635 1357 4706 ministrabunt.
1376 4637 1466 4704 Per-
