3142 5164
144 462 310 542 vocamus,
324 456 357 523 iu
374 475 440 542 qua
456 455 534 524 olim
551 457 643 526 Bard
658 455 836 542 residebat,
855 456 1044 542 contiguam
1070 462 1105 524 et
1130 473 1273 522 comme-

141 573 278 634 taneam
294 571 383 634 terre
402 565 555 634 Ecclesie
572 567 692 634 Sancti
709 565 895 634 Saluatoris
912 565 956 632 de
971 565 1115 635 Posonio
1139 560 1273 631 similite

143 663 279 742 Zelincb
305 681 440 755 vocate,
467 694 563 760 quam
579 695 639 744 uos
666 675 745 743 olim
772 673 880 741 eidem
895 673 1047 742 Ecclesia
1073 670 1273 740 dinoscimur

144 786 341 868 contulisse,
370 781 404 850 in
420 783 601 868 aliqualem
617 803 750 854 suorum
774 781 1123 868 recompensacionem
1143 781 1273 848 merito·

143 911 227 976 rum,
244 913 318 960 cum
335 891 444 960 eidem
460 893 632 977 Proposito
650 895 683 960 in
701 891 873 980 amplioris
899 889 1126 958 munificencia
1150 886 1272 956 benefi-

143 997 204 1067 ciis
220 1006 356 1088 propter
371 1019 433 1068 sua
448 999 649 1083 obsequiosa
665 999 784 1068 merita
800 1007 981 1084 teneamur,
998 999 1062 1067 sibi
1076 1005 1111 1066 et
1125 1017 1184 1084 per
1200 1017 1273 1064 eum
1305 1028 1313 1040 ·

141 1108 293 1176 Ecclesia
316 1127 377 1176 sue
401 1107 542 1193 predicti
558 1109 673 1177 Sancti
693 1108 888 1194 Saluatoris,
907 1129 928 1177 a
949 1109 1027 1195 jure
1053 1106 1272 1174 castrensium

143 1225 179 1284 et
208 1216 446 1302 jurisdiccione
473 1218 583 1286 Gastri
608 1219 822 1286 Posonieusis
858 1219 1046 1287 absolutam
1072 1216 1205 1305 penitus
1240 1221 1274 1284 et

142 1333 349 1414 exemptam,
375 1346 448 1392 eum
467 1326 618 1394 omuibus
635 1327 835 1395 utilitatibus
854 1327 924 1395 suis
940 1335 973 1396 et
988 1325 1201 1414 pertinenciis
1217 1325 1273 1394 do·

139 1435 305 1519 norimus,
321 1434 473 1503 dedimus
490 1444 524 1504 ot
540 1437 735 1504 contulimus
748 1439 825 1524 jure
845 1443 1005 1525 perpetuo
1019 1435 1272 1524 possidendam

139 1541 303 1611 iacientes
319 1543 464 1612 eundem
480 1545 689 1631 Propositum
705 1552 773 1613 tarn
790 1567 860 1631 suo,
879 1565 978 1630 quam
995 1543 1142 1633 predicte
1159 1544 1273 1610 moola

144 1655 197 1720 sie
212 1669 272 1720 sue
287 1654 422 1722 nornine
438 1653 470 1719 in
488 1673 624 1722 vacuam
642 1663 676 1724 at
692 1655 898 1742 corporalem
923 1656 1169 1742 possessionem
1185 1650 1273 1717 dicte

143 1768 233 1828 terre
248 1781 307 1846 per
323 1764 455 1830 Petrum
470 1765 667 1848 Magistrum
682 1764 916 1852 Dapilerorum
937 1769 1124 1832 nostrorum
1134 1805 1152 1840 ,-
1170 1758 1273 1826 Comi·

142 1875 212 1938 tem
225 1871 461 1938 Posouieusem
471 1873 923 1958 ctblusunionsem,dileotum
935 1871 1108 1940 etfidelem
1118 1875 1273 1943 nostrum,

139 1977 203 2044 sub
219 1979 408 2048 testimonio
425 1980 669 2066 Strigouiensis
685 1981 830 2068 Capituli
846 1980 1021 2049 introduci.
1037 1981 1082 2046 Vt
1097 1978 1197 2063 igitur
1212 1976 1273 2043 hec

139 2091 257 2155 nostra
273 2087 417 2156 donacio
431 2107 490 2157 seu
516 2089 656 2158 collaoio
672 2092 773 2160 robur
789 2091 939 2177 optineat
962 2093 1122 2177 perpetue
1138 2087 1272 2154 firmite

139 2197 196 2280 tis,
214 2203 388 2280 presentes
404 2199 629 2268 concessimus
645 2200 777 2268 litteras
802 2199 945 2287 duplicis
963 2197 1067 2283 sigilli
1082 2195 1190 2264 nostri
1204 2211 1274 2260 mu·

142 2305 269 2372 nimine
293 2305 480 2376 roboratas.
508 2307 630 2376 Datum
656 2327 717 2394 per
742 2327 859 2374 manus
883 2304 1036 2390 magistri
1051 2300 1273 2370 Bartholomei

143 2411 261 2480 dilecti
277 2419 310 2482 et
327 2411 436 2483 fidelis
461 2416 577 2498 nostri,
605 2416 682 2483 aule
706 2423 821 2484 nostre
842 2411 1159 2497 Viae-Cancellarij,
1185 2429 1272 2478 anno

141 2521 279 2592 Domini
304 2521 480 2593 millesimo
506 2526 731 2594 ducentesimo
756 2525 990 2610 caragesima
1029 2519 1135 2605 Regni
1161 2526 1272 2587 autern

138 2631 243 2700 nostrl
259 2653 349 2700 anno
365 2631 462 2719 vm,
473 2635 544 2704 XV.
560 2633 730 2704 Kalendas
746 2633 962 2726 Septembris,
974 2631 1166 2700 indiccione
1181 2627 1271 2697 VIII.

139 2826 279 2899 (Hartya.
293 2827 321 2884 A
333 2827 436 2902 peasdt
447 2830 624 2905 veressdrga
635 2833 773 2888 :siedron
785 2829 905 2902 fligglitt
916 2823 1202 2899 Pousouykslptulaui
1215 2840 1273 2880 rna·

142 2915 331 2990 gaulcvdltdr
345 2917 443 2994 Capsa
456 2926 479 2979 0
487 2923 573 2980 Fase.
587 2923 612 2978 5.
627 2923 688 2980 Nro
697 2923 741 2978 47.
755 2923 906 2980 Kivonata
918 2917 1062 2976 Fchdrndl
1076 2916 1145 2974 cod.
1157 2915 1227 2988 dipl.
1238 2913 1273 2970 V.

539 3011 568 3068 k.
580 3015 606 3070 3.
619 3034 642 3069 r.
656 3014 699 3069 74.
712 3015 731 3069 l.
753 3010 869 3084 neam.)
