2908 5142
878 273 943 342 306

828 365 911 376 ---
919 361 985 371 --—-

343 471 414 542 Nos
430 477 540 544 auum
563 471 780 556 equanimiter
805 468 891 538 terre
907 469 991 536 talia
1006 475 1041 536 et
1055 475 1123 536 tam
1141 469 1255 553 gravia
1267 486 1320 532 non
1330 466 1395 530 uleu-

341 589 404 668 tea,
420 589 454 650 et
469 579 639 668 cupientes
664 599 722 666 per
738 579 930 665 apostolice
945 577 1041 646 Sedis
1066 573 1296 663 providentium
1318 579 1395 660 opertu

344 709 419 758 num
436 709 535 776 super
551 688 616 758 biis
632 688 774 758 Domino
791 685 923 756 lavante
940 685 1118 754 remedium
1133 684 1293 766 adhiberi,
1314 700 1396 746 reum·

340 797 440 866 bilem
457 798 592 865 fratrem
609 802 753 865 uostmm
768 797 805 864 R
821 797 1020 883 Episcopum
1036 794 1261 880 liugubinum,
1278 793 1355 858 vireu
1366 791 1396 853 ui

341 925 404 988 que
421 905 594 973 virtutibus
610 905 801 991 insignitum
817 925 857 972 ac
872 904 968 972 uobis
985 911 1018 972 et
1035 902 1192 970 iratribus
1209 903 1315 970 uostris
1327 899 1395 964 neda

341 1032 399 1082 sue
415 1011 590 1101 probitatis
606 1021 787 1098 acceptum,
805 1013 846 1080 ad
866 1015 1013 1098 Regnum
1030 1011 1186 1096 Ungarie,
1214 1006 1396 1078 commissosih

341 1123 438 1209 plene
465 1121 642 1208 legationis
667 1119 774 1188 officio
802 1122 836 1186 iu
852 1119 967 1188 eodem
984 1119 1105 1204 Regno,
1123 1139 1186 1186 nee
1203 1141 1264 1188 nou
1279 1115 1396 1186 ilalnatit

342 1249 406 1314 que
421 1227 568 1312 Ungarie
585 1228 729 1315 Regibus
745 1229 829 1296 solet
845 1248 919 1297 esse
935 1229 1094 1310 subiecta,
1111 1229 1254 1313 Austrie,
1269 1225 1396 1311 Sepiada·

340 1339 482 1424 riuthie,
498 1337 656 1406 (lumenie
673 1343 707 1404 et
723 1339 830 1424 Boane
847 1336 1006 1422 partibus,
1026 1345 1181 1422 tanquam
1198 1337 1287 1423 pacis
1299 1333 1396 1416 angelus

342 1450 556 1532 destinamus,
569 1447 632 1515 sibi
649 1467 708 1534 per
724 1448 809 1514 alias
826 1447 955 1514 litteras
972 1453 1101 1514 nostras
1118 1447 1273 1528 iniuncto,
1287 1452 1316 1510 ut
1328 1439 1397 1506 siln-

340 1557 414 1642 tari,
430 1555 626 1640 Sarraceui,
648 1553 804 1638 Naugerii
822 1561 857 1620 et
873 1557 998 1640 pagani
1014 1553 1142 1641 prelati,
1158 1573 1239 1622 suos
1254 1560 1396 1620 conatusne

341 1665 475 1752 pharios
492 1671 607 1732 eontra
622 1665 698 1732 fidci
715 1663 896 1732 orthodoxe
925 1665 1066 1732 cultures
1086 1683 1241 1731 exercere
1256 1675 1397 1750 presuupe·

341 1774 414 1854 rint,
432 1795 472 1840 uo
489 1773 634 1858 ipsorum
653 1772 832 1840 erudelitas
850 1773 883 1838 iu
899 1771 1043 1840 eiusdem
1058 1773 1135 1840 lidei
1146 1772 1337 1860 dispendium
1348 1769 1399 1831 iura·

340 1882 453 1966 lescat,
470 1883 627 1950 adversus
644 1902 701 1950 eos
718 1889 751 1948 et
767 1881 852 1948 alios
868 1879 1063 1950 adherentes
1090 1882 1237 1965 eisdem,
1254 1881 1301 1946 uel
1314 1877 1399 1965 ipsein

342 1991 404 2058 hiis
422 1989 666 2074 quomodolibet
681 1988 904 2072 confoventes,
921 1989 1154 2074 cuiuscumque
1170 1985 1399 2075 preminentieh·

339 2099 487 2186 gnitatis,
505 2106 610 2166 statua
627 2105 684 2168 aut
700 2097 898 2166 conditionis
915 2097 1091 2182 extiterint,
1102 2117 1142 2162 ac
1160 2100 1260 2164 ctiam
1275 2089 1401 2162 contraie-

339 2207 468 2293 retieou,
485 2207 541 2292 qui
557 2207 599 2272 de
615 2205 754 2275 diversis
771 2203 882 2272 mundi
902 2205 1055 2290 partibus
1072 2204 1103 2270 iu
1120 2205 1288 2272 nonnullis
1301 2203 1361 2269 locis
1372 2218 1401 2263 sur

339 2314 496 2400 legationi
511 2313 681 2400 subiectis,
692 2315 776 2382 sieut
791 2313 958 2398 asseritur,
970 2320 1202 2399 convenerunt,
1213 2306 1402 2382 omnibusihi·

339 2425 382 2490 sti
399 2423 551 2492 fidelibus
567 2443 626 2510 pcr
641 2425 786 2510 Regnum
804 2419 953 2506 Ungarie
976 2420 1200 2508 supradictum
1218 2443 1259 2490 ac
1273 2421 1343 2488 alius
1354 2417 1402 2482 lire

339 2532 515 2620 legationis
530 2541 642 2622 partes
658 2553 718 2618 per
734 2553 781 2618 se,
799 2535 853 2600 vel
870 2553 928 2622 per
945 2531 1048 2600 alium
1064 2551 1121 2598 seu
1137 2533 1225 2600 ahos
1242 2531 1353 2599 verbum
1364 2547 1403 2592 cm·

340 2643 387 2711 cis
413 2643 554 2710 sollicite
579 2661 762 2730 proponere
787 2642 938 2728 studeat,
964 2647 996 2710 et
1018 2641 1062 2708 ad
1078 2659 1152 2706 eam
1169 2637 1404 2728 promptiaauini

339 2753 569 2820 assumendam
586 2751 807 2824 Christianum
832 2751 989 2838 populum
1017 2752 1194 2819 exhortari.
1220 2747 1405 2836 Rogamusitr-

338 2881 399 2945 que
416 2861 622 2928 nobilitatem
643 2867 783 2930 uestram
794 2869 827 2928 et
843 2860 1010 2927 hortamur
1021 2860 1055 2926 iu
1072 2857 1139 2926 filie
1155 2860 1221 2928 Dei
1236 2858 1339 2948 patris,
1351 2855 1398 2919 iure

338 2971 522 3038 missionem
540 2970 633 3038 uobis
649 2979 862 3055 peecatorum
879 2969 1097 3054 iniungentea,
1114 2978 1278 3052 quatenus
1291 2963 1405 3036 attender-

338 3087 388 3146 tes
405 3078 555 3160 sollicite,
573 3078 661 3164 quod
677 3099 736 3166 per
747 3079 808 3146 hoe
824 3080 928 3164 possit
944 3078 1114 3148 catholice
1128 3075 1209 3171 fidei
1225 3073 1407 3147 nonmodime

336 3185 495 3272 deperire,
512 3188 809 3270 contraderemus,
826 3187 1048 3272 Sarracenos,
1069 3161 1274 3272 Ne'ugerios,
1297 3197 1407 3270 pagine

337 3295 559 3381 scismaticos,
585 3295 747 3362 hereticos
773 3303 806 3362 ct
830 3295 1029 3364 adherentes
1054 3295 1223 3382 predictis,
1241 3290 1407 3382 prelatoipi

337 3423 437 3492 scopo
448 3425 507 3492 pro
518 3406 638 3472 Divina
649 3411 683 3471 et
693 3403 883 3490 Apostolico
894 3404 992 3474 Sedis
1001 3424 1041 3472 ac
1051 3409 1163 3472 nostra
1178 3403 1409 3485 reverendarum

338 3534 436 3602 super
447 3514 508 3582 boe
519 3513 636 3580 etaliis
653 3513 750 3580 etiam
764 3533 823 3580 sue
838 3513 1017 3598 legationis
1034 3512 1177 3598 negotiis
1194 3531 1238 3578 ex
1252 3509 1410 3600 partcipem

336 3623 496 3708 Episcopi
506 3618 678 3708 eontigerit
689 3640 746 3686 vos
757 3621 1047 3704 requiri,aasistere
1058 3619 1224 3688 studeatis
1237 3620 1411 3701 consiliam-

335 3731 423 3800 niliis
439 3739 473 3798 ct
489 3730 659 3798 favoribus
675 3731 865 3820 oportunis,
882 3739 918 3798 ut
934 3731 1061 3798 illorum
1076 3729 1268 3817 dampnatis
1285 3738 1316 3796 et
1327 3745 1410 3813 repre

335 3839 381 3906 sia
392 3839 556 3908 erroribus
566 3847 599 3906 et
610 3840 723 3926 pravis
735 3841 905 3907 conatibus
915 3840 1046 3926 penitus
1060 3840 1221 3924 vacuatis,
1233 3840 1323 3906 robis
1336 3835 1412 3906 exule

336 3967 377 4016 ex
402 3947 470 4014 altr»
487 3949 659 4036 proveniat
676 3951 844 4034 premium,
861 3951 951 4036 quod
967 3969 1025 4038 pro
1040 3949 1104 4036 piis
1120 3947 1254 4016 actibus
1269 3965 1412 4032 compensa·

335 4063 399 4140 tur,
409 4075 535 4142 nosque
546 4057 753 4126 devotionem
771 4066 915 4126 vestram
926 4059 1080 4126 uberibus
1095 4057 1128 4124 iu
1144 4057 1288 4126 Domino
1304 4055 1421 4124 lauditu,

335 4165 531 4232 attollamus.
550 4167 671 4234 Datum
688 4169 778 4254 apud
798 4167 923 4236 Urbem
939 4169 1088 4236 Veterem
1102 4165 1146 4232 X.
1162 4165 1325 4234 kalendas
1338 4165 1408 4246 hugu-

285 4307 289 4314 ·
337 4270 392 4358 sti,
410 4271 624 4342 Pontificatus
641 4278 741 4344 nostri
757 4297 844 4342 anuo
861 4276 969 4344 tertio.

407 4445 470 4514 (IV.
483 4447 590 4507 llilrlbs
604 4449 682 4523 pipa
694 4451 892 4524 Regestiibdl,
905 4451 1083 4510 'l'heiuaruel
1095 4454 1133 4510 id.
1146 4471 1182 4510 m.
1196 4453 1218 4510 1.
1233 4455 1262 4508 k.
1276 4454 1335 4510 365.
1345 4453 1369 4520 1.)

805 4683 999 4699 ψ
