3116 5166
813 285 974 386 332-

333 485 540 558 concedentis
566 481 736 552 alduentar
758 486 792 551 et
805 501 872 554 nou
896 480 1150 568 improperantis
1167 477 1408 566 omnipotentia
1422 485 1453 545 et

332 597 493 663 immensa
517 592 723 678 benignitate
748 590 934 677 sperando,
969 593 1080 658 nostre
1109 585 1332 657 fluetuationis
1357 607 1453 674 anper

333 703 395 771 biis
418 702 573 769 anxietas
598 698 812 782 oonquiesoit
836 699 923 765 Nam
938 717 1013 766 oum
1038 699 1125 766 sieut
1151 695 1355 782 experientia
1381 715 1451 781 pro-

331 809 467 878 batione
492 807 683 889 didicimus,
714 805 846 874 dederit
877 803 938 873 tibi
970 807 1134 874 Dominus
1164 825 1221 891 oa,
1255 813 1290 872 et
1326 804 1452 890 sapien·

331 919 412 985 tiam
436 919 650 1004 linguamque
674 915 837 984 adieeerit
853 914 1032 999 eruditam,
1048 922 1086 982 ut
1110 917 1216 999 seiae,
1242 914 1376 998 quaudo
1400 911 1452 979 de·

330 1029 413 1099 beas
446 1027 596 1114 prolerre
629 1045 833 1112 sermonem,
864 1045 937 1094 enm
963 1025 1065 1093 etiam
1091 1025 1125 1091 in
1155 1032 1189 1092 te
1220 1025 1335 1110 rigeat
1360 1021 1451 1089 raeti·

331 1135 410 1202 tudo
441 1134 573 1220 iudieii,
608 1133 737 1202 eonsilii
772 1131 999 1221 providentia,
1033 1133 1067 1199 in
1104 1135 1177 1200 nelo
1209 1132 1392 1216 sobrietas,
1422 1129 1451 1196 in

332 1241 461 1329 agendo
486 1243 684 1326 strenuitas,
712 1249 745 1310 at
762 1242 968 1327 experientia
983 1241 1016 1308 in
1032 1239 1144 1311 arduis
1160 1241 1369 1326 approbata,
1385 1257 1450 1324 spe·

332 1369 442 1418 ramus
452 1369 514 1418 nee
530 1350 701 1434 immerito,
717 1351 807 1436 quod
823 1356 919 1419 aetus
936 1357 1022 1433 tuos,
1037 1351 1096 1416 illo
1113 1349 1285 1435 dirigente,
1295 1347 1352 1432 qui
1369 1344 1451 1412 norit

331 1477 437 1544 prava
452 1459 486 1526 in
503 1459 640 1542 direota,
656 1466 689 1526 et
705 1461 763 1527 illo
780 1459 970 1542 adiurante,
998 1457 1054 1542 qui
1070 1464 1183 1544 potest
1196 1475 1319 1542 aspera
1335 1457 1368 1522 in
1383 1454 1448 1520 rias

331 1567 451 1653 planas
475 1575 684 1649 eonvertere,
708 1585 749 1635 ae
775 1567 809 1633 iu
826 1567 983 1652 predietis
1007 1585 1067 1652 per
1082 1573 1138 1633 tue
1153 1561 1449 1649 eiroumspeetiouis

330 1674 527 1744 industriam
543 1677 615 1743 utili
635 1675 845 1761 providentia
861 1683 894 1742 et
909 1674 1051 1742 utilitato
1062 1675 1204 1760 provida
1216 1691 1364 1759 eougrue
1380 1689 1446 1737 oon·

332 1783 396 1851 suli
410 1785 535 1868 poterit
551 1790 583 1850 et
597 1783 776 1852 salubriter
791 1783 967 1852 subueniri.
984 1784 1053 1850 llos
1069 1785 1183 1868 itaque
1198 1789 1267 1850 tarn
1283 1779 1406 1867 ingenti
1420 1784 1450 1844 et

331 1893 521 1979 periculosa
550 1893 748 1962 necessitate
775 1893 1007 1980 premissorum
1032 1897 1157 1959 attente
1181 1895 1336 1976 pensata,
1353 1895 1394 1973 te,
1409 1887 1447 1952 de

332 2000 423 2069 ouius
449 2001 548 2069 elaris
573 2001 697 2070 meritis
726 2008 760 2070 et
778 2001 919 2087 probata
934 2000 1100 2068 industria
1116 2001 1248 2087 plenam
1260 1999 1296 2066 iu
1312 1997 1445 2065 Domine

331 2107 481 2178 fidueiam
497 2111 701 2196 obtinemus,
725 2112 771 2180 ad
786 2111 933 2195 Regnum
948 2109 1055 2196 ipsum
1072 2110 1134 2178 tibi
1151 2107 1330 2192 legationis
1343 2103 1444 2174 ollioio

330 2219 428 2304 plone
443 2219 618 2287 eommisso
643 2219 676 2285 in
693 2217 812 2286 eodem
829 2221 952 2305 Regno,
968 2239 1009 2289 ae
1024 2218 1170 2303 Polouie,
1182 2215 1361 2298 Dalmatie,
1377 2212 1445 2280 dro-

330 2325 417 2412 atie,
434 2327 548 2412 Rama,
565 2328 687 2412 Servio,
703 2327 908 2412 Lodomarie,
926 2327 1063 2394 Gallitie
1078 2333 1111 2394 et
1128 2326 1287 2397 (lemania
1302 2323 1443 2411 partibus
1539 2331 1540 2402 i

329 2433 380 2501 illi
396 2434 628 2519 nontermiuia,
645 2441 681 2502 ut
696 2433 731 2501 in
747 2435 796 2504 eis
813 2437 989 2505 evelleret
1005 2437 1183 2520 destruas,
1199 2433 1345 2518 dissipes
1361 2437 1392 2499 ot
1405 2429 1447 2495 di·

329 2543 497 2629 spondas,
514 2543 646 2612 edidees
672 2549 705 2611 et
720 2546 853 2632 plantes
869 2545 903 2612 iu
919 2545 1056 2614 nomine
1072 2541 1216 2628 Domini,
1233 2542 1319 2610 sieut
1334 2538 1446 2608 videris

330 2653 497 2737 expedire,
513 2653 556 2720 de
572 2654 705 2720 fratrum
721 2659 907 2723 nostrorum
926 2653 1064 2724 oonsilio
1080 2651 1181 2721 velud
1195 2651 1292 2738 paeis
1302 2650 1446 2737 angelum

330 2757 531 2828 destinamus
540 2763 552 2847 ,'
566 2761 711 2830 iniuneto
726 2762 786 2832 tibi
802 2762 1057 2848 niehilomiuus,
1075 2769 1111 2829 ut
1126 2761 1161 2829 iu
1176 2762 1291 2844 Regno
1308 2759 1381 2845 ipso
1395 2757 1446 2824 iu-

330 2870 380 2933 ter
395 2867 533 2936 eundem
550 2872 672 2956 Regem
699 2877 734 2938 ot
759 2872 866 2956 Regni
890 2889 1069 2958 personas,
1095 2889 1221 2938 neenou
1237 2875 1306 2936 tam
1323 2865 1446 2948 ibidem,
1538 2929 1539 2940 ,

331 2991 429 3058 quam
444 2975 479 3041 iu
494 2977 672 3064 proriuoiis
697 2979 887 3047 memoratis
908 2979 994 3048 iuter
1009 2979 1253 3048 eooleaiartioos
1269 2985 1304 3044 et
1319 2975 1447 3044 munda·

331 3101 392 3152 nos
408 3086 508 3171 viros,
525 3093 559 3152 et
573 3086 743 3157 universos
757 3089 842 3155 alios
870 3089 1100 3170 ouiurouruque
1116 3085 1323 3171 eonditiouis,
1338 3081 1447 3172 premi·

277 3243 279 3248 .
329 3191 440 3262 sautia
463 3194 533 3261 nire
554 3199 660 3263 statua
686 3217 787 3284 agere
810 3199 949 3266 studeas
973 3199 1173 3279 attractare,
1192 3195 1316 3278 quoad
1332 3193 1446 3260 eultum

329 3299 403 3377 Dei.
429 3301 619 3388 apostolice
642 3303 740 3374 Sedis
756 3303 923 3392 bonorem,
940 3304 1185 3374 observantiam
1202 3302 1364 3373 eenoniee
1378 3317 1445 3368 aau-

330 3405 468 3492 etiouis,
485 3411 774 3498 reintegrationem
800 3411 1026 3481 ecelesiastica
1042 3411 1216 3497 libertatis,
1232 3413 1332 3480 robur
1349 3414 1445 3480 status

327 3515 441 3604 liegii,
459 3517 792 3606 honestatis'eultum,
807 3520 1070 3589 reformationem
1086 3522 1200 3607 panis,
1217 3521 1445 3589 relevationem

327 3645 516 3712 pauperum,
533 3627 769 3696 aeanimarum
787 3627 924 3696 salutem
940 3635 972 3697 et
988 3629 1262 3713 tranquillitatem
1281 3647 1443 3714 eonporrm

326 3735 543 3819 pertinebunt
568 3737 671 3804 litut
694 3735 783 3805 eirea
806 3736 983 3822 legationis
1010 3737 1164 3821 offitium,
1181 3734 1269 3821 quod
1283 3733 1319 3803 iu
1335 3736 1445 3806 eodem
1536 3807 1537 3830 ,

328 3842 441 3924 Regno
465 3841 613 3928 ngarie
636 3843 697 3910 tibi
721 3842 870 3912 duximus
896 3845 1169 3931 eommittendum,
1195 3864 1236 3912 eo
1252 3844 1362 3930 poesis
1377 3861 1442 3929 pre·
1536 3839 1537 3850 ’

327 3947 457 4034 sperari
480 3947 631 4035 taedius,
658 3969 721 4036 quo
739 3951 847 4021 solitis
861 3952 1046 4036 legatorum
1057 4003 1067 4039 ,
1095 3953 1152 4038 qui
1176 3951 1269 4024 missi
1286 3953 1329 4022 de
1344 3952 1442 4020 latere

327 4073 418 4124 mare
433 4060 623 4142 transeant,
648 4058 828 4131 adornatus
849 4061 1001 4148 insigniis
1018 4081 1192 4146 personam
1207 4069 1353 4132 nostram
1369 4079 1441 4144 quo·
1535 4119 1536 4148 ,

327 4163 500 4232 dammodo
524 4165 748 4256 presentabit,
774 4169 816 4236 de
830 4170 971 4256 apeoiali
984 4172 1095 4254 gratia
1110 4171 1302 4257 Apostolioa
1316 4170 1377 4238 tibi
1392 4186 1443 4239 au·

327 4273 480 4341 otoritate
495 4274 721 4362 eoneedimus,
745 4277 833 4361 quod
849 4276 974 4348 eisdem
998 4276 1152 4362 insigniis
1168 4279 1255 4348 infra
1269 4277 1444 4367 predioturu

327 4377 473 4467 ngarie
489 4380 637 4465 Regnum
653 4383 825 4452 dumtaxat
849 4390 883 4452 et
898 4391 1004 4452 terras
1021 4385 1166 4455 dominio
1182 4387 1331 4456 eiusdem
1348 4383 1443 4469 Regis

327 4487 504 4574 submotas,
520 4489 567 4557 uti
583 4490 687 4559 libere
711 4492 835 4576 valeas,
860 4491 1009 4576 prediola
1024 4495 1201 4580 legationis
1217 4494 1359 4564 ollieium
1374 4510 1443 4578 pro·
1533 4559 1534 4562 ,

325 4597 515 4686 meando,
538 4600 589 4668 ita
611 4604 733 4686 umen,
758 4598 846 4684 quod
861 4601 1031 4687 premissis
1045 4602 1200 4691 insigniis
1216 4604 1252 4674 iu
1267 4603 1344 4676 aliis
1359 4619 1440 4672 eom-
