<?xml version="1.0" encoding="UTF-8"?>
<!DOCTYPE html PUBLIC "-//W3C//DTD XHTML 1.0 Transitional//EN"
    "http://www.w3.org/TR/xhtml1/DTD/xhtml1-transitional.dtd">
<html xmlns="http://www.w3.org/1999/xhtml" xml:lang="en" lang="en">
 <head>
  <title>
</title>
<meta http-equiv="Content-Type" content="text/html;charset=utf-8" />
  <meta name='ocr-system' content='tesseract 3.04.00' />
  <meta name='ocr-capabilities' content='ocr_page ocr_carea ocr_par ocr_line ocrx_word'/>
</head>
<body>
  <div class='ocr_page' id='page_1' title='image "./codexdiplomatic08wenzgoog_0378.png"; bbox 0 0 3154 5166; ppageno 0'>
   <div class='ocr_carea' id='block_1_1' title="bbox 350 505 1565 594">
    <p class='ocr_par' dir='ltr' id='par_1_1' title="bbox 350 505 1565 594">
     <span class='ocr_line' id='line_1_1' title="bbox 350 505 1565 594; baseline -0.002 -18"><span class='ocrx_word' id='word_1_1' title='bbox 350 511 392 578; x_wconf 81' lang='lat' dir='ltr'><strong>ab</strong></span> <span class='ocrx_word' id='word_1_2' title='bbox 409 511 513 579; x_wconf 80' lang='lat' dir='ltr'><strong>ultera</strong></span> <span class='ocrx_word' id='word_1_3' title='bbox 530 517 606 577; x_wconf 91' lang='lat' dir='ltr'><strong>sunt</strong></span> <span class='ocrx_word' id='word_1_4' title='bbox 623 507 768 579; x_wconf 78' lang='lat' dir='ltr'><strong>confessi</strong></span> <span class='ocrx_word' id='word_1_5' title='bbox 785 509 918 578; x_wconf 84' lang='lat' dir='ltr'><strong>oruenlo</strong></span> <span class='ocrx_word' id='word_1_6' title='bbox 934 506 1012 580; x_wconf 90' lang='lat' dir='ltr'><strong>uiue</strong></span> <span class='ocrx_word' id='word_1_7' title='bbox 1026 506 1136 592; x_wconf 76' lang='lat' dir='ltr'><strong>eoois,</strong></span> <span class='ocrx_word' id='word_1_8' title='bbox 1154 509 1243 594; x_wconf 85' lang='lat' dir='ltr'><strong>quod</strong></span> <span class='ocrx_word' id='word_1_9' title='bbox 1260 529 1331 578; x_wconf 88' lang='lat' dir='ltr'><strong>enm</strong></span> <span class='ocrx_word' id='word_1_10' title='bbox 1348 508 1477 576; x_wconf 87' lang='lat' dir='ltr'><strong>sussei·</strong></span> <span class='ocrx_word' id='word_1_11' title='bbox 1564 505 1565 510; x_wconf 74' lang='grc'>’</span> 
     </span>
    </p>
   </div>
   <div class='ocr_carea' id='block_1_2' title="bbox 350 617 1536 705">
    <p class='ocr_par' dir='ltr' id='par_1_2' title="bbox 350 609 1565 730">
     <span class='ocr_line' id='line_1_2' title="bbox 350 617 1536 705; baseline -0.002 -21"><span class='ocrx_word' id='word_1_12' title='bbox 350 625 419 687; x_wconf 82' lang='lat' dir='ltr'><strong>tntu</strong></span> <span class='ocrx_word' id='word_1_13' title='bbox 437 618 552 686; x_wconf 85' lang='lat' dir='ltr'><strong>luisset</strong></span> <span class='ocrx_word' id='word_1_14' title='bbox 566 619 654 687; x_wconf 91' lang='lat' dir='ltr'><strong>inter</strong></span> <span class='ocrx_word' id='word_1_15' title='bbox 671 617 762 705; x_wconf 84' lang='lat' dir='ltr'><strong>ipsos</strong></span> <span class='ocrx_word' id='word_1_16' title='bbox 778 619 918 686; x_wconf 80' lang='lat' dir='ltr'><strong>muteris</strong></span> <span class='ocrx_word' id='word_1_17' title='bbox 933 617 1117 703; x_wconf 77' lang='lat' dir='ltr'><strong>questionis</strong></span> <span class='ocrx_word' id='word_1_18' title='bbox 1134 635 1233 704; x_wconf 87' lang='lat' dir='ltr'><strong>super</strong></span> <span class='ocrx_word' id='word_1_19' title='bbox 1243 617 1387 703; x_wconf 74' lang='lat' dir='ltr'><strong>qusdm</strong></span> <span class='ocrx_word' id='word_1_20' title='bbox 1400 637 1477 704; x_wconf 82' lang='lat' dir='ltr'><strong>par·</strong></span> <span class='ocrx_word' id='word_1_21' title='bbox 1525 645 1536 684; x_wconf 76' lang='lat'><em>0</em></span> 
     </span>
    </p>
   </div>
   <div class='ocr_carea' id='block_1_3' title="bbox 305 726 1478 1468">
    <p class='ocr_par' dir='ltr' id='par_1_3' title="bbox 305 726 1478 1468">
     <span class='ocr_line' id='line_1_3' title="bbox 350 726 1478 816; baseline 0.001 -24"><span class='ocrx_word' id='word_1_22' title='bbox 350 727 450 796; x_wconf 81' lang='lat' dir='ltr'><strong>tiouls</strong></span> <span class='ocrx_word' id='word_1_23' title='bbox 475 734 561 795; x_wconf 85' lang='lat' dir='ltr'><strong>terre</strong></span> <span class='ocrx_word' id='word_1_24' title='bbox 577 729 671 816; x_wconf 83' lang='lat' dir='ltr'><strong>Zopy</strong></span> <span class='ocrx_word' id='word_1_25' title='bbox 689 733 826 814; x_wconf 77' lang='lat' dir='ltr'><strong>noenta,</strong></span> <span class='ocrx_word' id='word_1_26' title='bbox 853 726 981 796; x_wconf 90' lang='lat' dir='ltr'><strong>soilieet</strong></span> <span class='ocrx_word' id='word_1_27' title='bbox 1005 726 1122 812; x_wconf 77' lang='lat' dir='ltr'><strong>viginti</strong></span> <span class='ocrx_word' id='word_1_28' title='bbox 1139 733 1171 794; x_wconf 89' lang='lat' dir='ltr'><strong>et</strong></span> <span class='ocrx_word' id='word_1_29' title='bbox 1197 727 1478 813; x_wconf 80' lang='lat' dir='ltr'><strong>quinquejugeri-</strong></span> 
     </span>
     <span class='ocr_line' id='line_1_4' title="bbox 349 835 1478 920; baseline 0.002 -19"><span class='ocrx_word' id='word_1_30' title='bbox 349 837 410 902; x_wconf 90' lang='lat' dir='ltr'><strong>bus</strong></span> <span class='ocrx_word' id='word_1_31' title='bbox 429 842 516 903; x_wconf 91' lang='lat' dir='ltr'><strong>terre</strong></span> <span class='ocrx_word' id='word_1_32' title='bbox 532 838 565 904; x_wconf 93' lang='lat' dir='ltr'><strong>in</strong></span> <span class='ocrx_word' id='word_1_33' title='bbox 582 835 761 904; x_wconf 80' lang='lat' dir='ltr'><strong>Obollolrnz</strong></span> <span class='ocrx_word' id='word_1_34' title='bbox 778 835 1125 920; x_wconf 75' lang='lat' dir='ltr'><strong>existentibus„quum</strong></span> <span class='ocrx_word' id='word_1_35' title='bbox 1137 835 1225 904; x_wconf 91' lang='lat' dir='ltr'><strong>idem</strong></span> <span class='ocrx_word' id='word_1_36' title='bbox 1248 835 1413 904; x_wconf 83' lang='lat' dir='ltr'><strong>Arnoldus</strong></span> <span class='ocrx_word' id='word_1_37' title='bbox 1431 836 1478 903; x_wconf 78' lang='lat' dir='ltr'><strong>ab</strong></span> 
     </span>
     <span class='ocr_line' id='line_1_5' title="bbox 305 943 1477 1033; baseline 0.001 -22"><span class='ocrx_word' id='word_1_38' title='bbox 305 951 311 965; x_wconf 83' lang='grc'><em>“</em></span> <span class='ocrx_word' id='word_1_39' title='bbox 350 945 422 1033; x_wconf 84' lang='lat' dir='ltr'><strong>ipso</strong></span> <span class='ocrx_word' id='word_1_40' title='bbox 447 945 575 1014; x_wconf 81' lang='lat' dir='ltr'><strong>Jueobo</strong></span> <span class='ocrx_word' id='word_1_41' title='bbox 601 945 748 1032; x_wconf 80' lang='lat' dir='ltr'><strong>recipere</strong></span> <span class='ocrx_word' id='word_1_42' title='bbox 775 951 808 1012; x_wconf 90' lang='lat' dir='ltr'><strong>et</strong></span> <span class='ocrx_word' id='word_1_43' title='bbox 831 961 891 1030; x_wconf 85' lang='lat' dir='ltr'><strong>pro</strong></span> <span class='ocrx_word' id='word_1_44' title='bbox 913 961 950 1012; x_wconf 91' lang='lat' dir='ltr'><strong>se</strong></span> <span class='ocrx_word' id='word_1_45' title='bbox 966 962 1130 1031; x_wconf 81' lang='lat' dir='ltr'><strong>oeoupsre</strong></span> <span class='ocrx_word' id='word_1_46' title='bbox 1146 943 1351 1027; x_wconf 80' lang='lat' dir='ltr'><strong>intendebat,</strong></span> <span class='ocrx_word' id='word_1_47' title='bbox 1366 951 1401 1014; x_wconf 88' lang='lat' dir='ltr'><strong>et</strong></span> <span class='ocrx_word' id='word_1_48' title='bbox 1416 946 1477 1012; x_wconf 90' lang='lat' dir='ltr'><strong>diu</strong></span> 
     </span>
     <span class='ocr_line' id='line_1_6' title="bbox 346 1051 1476 1140; baseline -0.004 -17"><span class='ocrx_word' id='word_1_49' title='bbox 346 1052 459 1123; x_wconf 80' lang='lat' dir='ltr'><strong>ordine</strong></span> <span class='ocrx_word' id='word_1_50' title='bbox 476 1053 648 1122; x_wconf 81' lang='lat' dir='ltr'><strong>iudiciario</strong></span> <span class='ocrx_word' id='word_1_51' title='bbox 666 1055 817 1122; x_wconf 73' lang='lat' dir='ltr'><strong>altercati</strong></span> <span class='ocrx_word' id='word_1_52' title='bbox 839 1091 882 1104; x_wconf 91' lang='lat'><strong>·-</strong></span> <span class='ocrx_word' id='word_1_53' title='bbox 902 1089 937 1100; x_wconf 89' lang='lat'>-</span> <span class='ocrx_word' id='word_1_54' title='bbox 958 1087 1002 1100; x_wconf 90' lang='grc'>-</span> <span class='ocrx_word' id='word_1_55' title='bbox 1018 1051 1062 1120; x_wconf 87' lang='lat' dir='ltr'><strong>ud</strong></span> <span class='ocrx_word' id='word_1_56' title='bbox 1078 1052 1226 1122; x_wconf 87' lang='lat' dir='ltr'><strong>ultimum</strong></span> <span class='ocrx_word' id='word_1_57' title='bbox 1242 1073 1300 1140; x_wconf 85' lang='lat' dir='ltr'><strong>per</strong></span> <span class='ocrx_word' id='word_1_58' title='bbox 1316 1051 1476 1122; x_wconf 87' lang='lat' dir='ltr'><strong>iudieiurn</strong></span> 
     </span>
     <span class='ocr_line' id='line_1_7' title="bbox 349 1159 1476 1248; baseline 0 -20"><span class='ocrx_word' id='word_1_59' title='bbox 349 1161 532 1230; x_wconf 78' lang='lat' dir='ltr'><strong>Eberhardi</strong></span> <span class='ocrx_word' id='word_1_60' title='bbox 558 1161 692 1233; x_wconf 78' lang='lat' dir='ltr'><strong>Comitis</strong></span> <span class='ocrx_word' id='word_1_61' title='bbox 707 1163 920 1232; x_wconf 86' lang='lat' dir='ltr'><strong>Posouieueis</strong></span> <span class='ocrx_word' id='word_1_62' title='bbox 943 1159 1029 1230; x_wconf 87' lang='lat' dir='ltr'><strong>idem</strong></span> <span class='ocrx_word' id='word_1_63' title='bbox 1045 1161 1211 1231; x_wconf 89' lang='lat' dir='ltr'><strong>Aruoldus</strong></span> <span class='ocrx_word' id='word_1_64' title='bbox 1232 1183 1305 1231; x_wconf 83' lang='lat' dir='ltr'><strong>oum</strong></span> <span class='ocrx_word' id='word_1_65' title='bbox 1321 1160 1476 1248; x_wconf 76' lang='lat' dir='ltr'><strong>prodiero</strong></span> 
     </span>
     <span class='ocr_line' id='line_1_8' title="bbox 347 1270 1475 1360; baseline 0.002 -22"><span class='ocrx_word' id='word_1_66' title='bbox 347 1271 474 1338; x_wconf 84' lang='lat' dir='ltr'><strong>Jseobo</strong></span> <span class='ocrx_word' id='word_1_67' title='bbox 500 1271 533 1338; x_wconf 91' lang='lat' dir='ltr'><strong>in</strong></span> <span class='ocrx_word' id='word_1_68' title='bbox 559 1274 705 1360; x_wconf 86' lang='lat' dir='ltr'><strong>proprijs</strong></span> <span class='ocrx_word' id='word_1_69' title='bbox 729 1273 879 1358; x_wconf 85' lang='lat' dir='ltr'><strong>personis</strong></span> <span class='ocrx_word' id='word_1_70' title='bbox 905 1270 1007 1340; x_wconf 87' lang='lat' dir='ltr'><strong>duelli</strong></span> <span class='ocrx_word' id='word_1_71' title='bbox 1033 1279 1217 1355; x_wconf 80' lang='lat' dir='ltr'><strong>eertemen,</strong></span> <span class='ocrx_word' id='word_1_72' title='bbox 1234 1273 1269 1340; x_wconf 92' lang='lat' dir='ltr'><strong>in</strong></span> <span class='ocrx_word' id='word_1_73' title='bbox 1286 1309 1329 1321; x_wconf 95' lang='lat'><em>-</em></span> <span class='ocrx_word' id='word_1_74' title='bbox 1343 1308 1388 1320; x_wconf 90' lang='lat'><em>-</em></span> <span class='ocrx_word' id='word_1_75' title='bbox 1404 1291 1475 1356; x_wconf 86' lang='lat' dir='ltr'><strong>quo</strong></span> 
     </span>
     <span class='ocr_line' id='line_1_9' title="bbox 336 1377 1472 1468; baseline 0.002 -22"><span class='ocrx_word' id='word_1_76' title='bbox 336 1378 477 1466; x_wconf 86' lang='lat' dir='ltr'><strong>¹quidem</strong></span> <span class='ocrx_word' id='word_1_77' title='bbox 494 1377 643 1448; x_wconf 89' lang='lat' dir='ltr'><strong>eouflietn</strong></span> <span class='ocrx_word' id='word_1_78' title='bbox 659 1381 761 1448; x_wconf 87' lang='lat' dir='ltr'><strong>duelli</strong></span> <span class='ocrx_word' id='word_1_79' title='bbox 777 1382 850 1468; x_wconf 84' lang='lat' dir='ltr'><strong>ipse</strong></span> <span class='ocrx_word' id='word_1_80' title='bbox 866 1379 1033 1449; x_wconf 83' lang='lat' dir='ltr'><strong>Arnoldus</strong></span> <span class='ocrx_word' id='word_1_81' title='bbox 1060 1379 1191 1448; x_wconf 84' lang='lat' dir='ltr'><strong>fortuna</strong></span> <span class='ocrx_word' id='word_1_82' title='bbox 1207 1379 1400 1450; x_wconf 83' lang='lat' dir='ltr'><strong>sinistrsute</strong></span> <span class='ocrx_word' id='word_1_83' title='bbox 1415 1401 1472 1448; x_wconf 91' lang='lat' dir='ltr'><strong>su·</strong></span> 
     </span>
    </p>
   </div>
   <div class='ocr_carea' id='block_1_4' title="bbox 347 1489 1565 1577">
    <p class='ocr_par' dir='ltr' id='par_1_4' title="bbox 347 1489 1565 1577">
     <span class='ocr_line' id='line_1_10' title="bbox 347 1489 1565 1577; baseline -0.001 -23"><span class='ocrx_word' id='word_1_84' title='bbox 347 1497 482 1574; x_wconf 70' lang='lat' dir='ltr'><strong>perdtus</strong></span> <span class='ocrx_word' id='word_1_85' title='bbox 506 1497 539 1556; x_wconf 90' lang='lat' dir='ltr'><strong>et</strong></span> <span class='ocrx_word' id='word_1_86' title='bbox 555 1490 704 1559; x_wconf 87' lang='lat' dir='ltr'><strong>deuietus</strong></span> <span class='ocrx_word' id='word_1_87' title='bbox 733 1489 917 1559; x_wconf 77' lang='lat' dir='ltr'><strong>exstitisset</strong></span> <span class='ocrx_word' id='word_1_88' title='bbox 932 1510 991 1575; x_wconf 85' lang='lat' dir='ltr'><strong>per</strong></span> <span class='ocrx_word' id='word_1_89' title='bbox 1007 1489 1170 1558; x_wconf 85' lang='lat' dir='ltr'><strong>Jseebunn</strong></span> <span class='ocrx_word' id='word_1_90' title='bbox 1187 1490 1422 1577; x_wconf 76' lang='lat' dir='ltr'><strong>supradictum,</strong></span> <span class='ocrx_word' id='word_1_91' title='bbox 1442 1494 1475 1554; x_wconf 90' lang='lat' dir='ltr'><strong>et</strong></span> <span class='ocrx_word' id='word_1_92' title='bbox 1564 1511 1565 1526; x_wconf 62' lang='lat'>2</span> 
     </span>
    </p>
   </div>
   <div class='ocr_carea' id='block_1_5' title="bbox 346 1597 1474 2643">
    <p class='ocr_par' dir='ltr' id='par_1_5' title="bbox 346 1597 1474 2643">
     <span class='ocr_line' id='line_1_11' title="bbox 346 1597 1473 1686; baseline 0.001 -24"><span class='ocrx_word' id='word_1_93' title='bbox 346 1597 422 1666; x_wconf 91' lang='lat' dir='ltr'><strong>ideo</strong></span> <span class='ocrx_word' id='word_1_94' title='bbox 438 1599 513 1684; x_wconf 85' lang='lat' dir='ltr'><strong>ipsu</strong></span> <span class='ocrx_word' id='word_1_95' title='bbox 529 1598 646 1685; x_wconf 83' lang='lat' dir='ltr'><strong>viginti</strong></span> <span class='ocrx_word' id='word_1_96' title='bbox 663 1609 695 1665; x_wconf 91' lang='lat' dir='ltr'><strong>et</strong></span> <span class='ocrx_word' id='word_1_97' title='bbox 711 1600 855 1686; x_wconf 87' lang='lat' dir='ltr'><strong>quinque</strong></span> <span class='ocrx_word' id='word_1_98' title='bbox 871 1601 985 1684; x_wconf 79' lang='lat' dir='ltr'><strong>iugera</strong></span> <span class='ocrx_word' id='word_1_99' title='bbox 1001 1606 1162 1666; x_wconf 78' lang='lat' dir='ltr'><strong>tenerum</strong></span> <span class='ocrx_word' id='word_1_100' title='bbox 1173 1600 1349 1668; x_wconf 81' lang='lat' dir='ltr'><strong>erabiliurn</strong></span> <span class='ocrx_word' id='word_1_101' title='bbox 1361 1599 1473 1668; x_wconf 86' lang='lat' dir='ltr'><strong>eidem</strong></span> 
     </span>
     <span class='ocr_line' id='line_1_12' title="bbox 347 1706 1474 1794; baseline -0.002 -21"><span class='ocrx_word' id='word_1_102' title='bbox 347 1706 476 1775; x_wconf 85' lang='lat' dir='ltr'><strong>Jaeobo</strong></span> <span class='ocrx_word' id='word_1_103' title='bbox 494 1713 526 1776; x_wconf 93' lang='lat' dir='ltr'><strong>et</strong></span> <span class='ocrx_word' id='word_1_104' title='bbox 541 1727 600 1794; x_wconf 88' lang='lat' dir='ltr'><strong>per</strong></span> <span class='ocrx_word' id='word_1_105' title='bbox 620 1727 693 1776; x_wconf 86' lang='lat' dir='ltr'><strong>eum</strong></span> <span class='ocrx_word' id='word_1_106' title='bbox 720 1709 789 1776; x_wconf 89' lang='lat' dir='ltr'><strong>suis</strong></span> <span class='ocrx_word' id='word_1_107' title='bbox 817 1708 993 1776; x_wconf 88' lang='lat' dir='ltr'><strong>heredibus</strong></span> <span class='ocrx_word' id='word_1_108' title='bbox 1020 1707 1241 1791; x_wconf 82' lang='lat' dir='ltr'><strong>heredemque</strong></span> <span class='ocrx_word' id='word_1_109' title='bbox 1257 1727 1386 1776; x_wconf 87' lang='lat' dir='ltr'><strong>suorum</strong></span> <span class='ocrx_word' id='word_1_110' title='bbox 1402 1726 1474 1776; x_wconf 84' lang='lat' dir='ltr'><strong>sue·</strong></span> 
     </span>
     <span class='ocr_line' id='line_1_13' title="bbox 350 1815 1474 1902; baseline 0.003 -22"><span class='ocrx_word' id='word_1_111' title='bbox 350 1815 536 1881; x_wconf 76' lang='lat' dir='ltr'><strong>sessoribus</strong></span> <span class='ocrx_word' id='word_1_112' title='bbox 563 1817 765 1885; x_wconf 88' lang='lat' dir='ltr'><strong>restituisset</strong></span> <span class='ocrx_word' id='word_1_113' title='bbox 790 1817 920 1884; x_wconf 80' lang='lat' dir='ltr'><strong>iustitia</strong></span> <span class='ocrx_word' id='word_1_114' title='bbox 939 1817 1094 1900; x_wconf 73' lang='lat' dir='ltr'><strong>exigente</strong></span> <span class='ocrx_word' id='word_1_115' title='bbox 1110 1817 1219 1901; x_wconf 87' lang='lat' dir='ltr'><strong>quiete</strong></span> <span class='ocrx_word' id='word_1_116' title='bbox 1235 1823 1269 1884; x_wconf 87' lang='lat' dir='ltr'><strong>et</strong></span> <span class='ocrx_word' id='word_1_117' title='bbox 1283 1816 1386 1883; x_wconf 89' lang='lat' dir='ltr'><strong>libere</strong></span> <span class='ocrx_word' id='word_1_118' title='bbox 1402 1835 1474 1902; x_wconf 85' lang='lat' dir='ltr'><strong>per·</strong></span> 
     </span>
     <span class='ocr_line' id='line_1_14' title="bbox 346 1924 1472 2011; baseline 0 -23"><span class='ocrx_word' id='word_1_119' title='bbox 346 1931 444 2008; x_wconf 81' lang='lat' dir='ltr'><strong>petuo</strong></span> <span class='ocrx_word' id='word_1_120' title='bbox 469 1924 694 2008; x_wconf 85' lang='lat' dir='ltr'><strong>possidenda,</strong></span> <span class='ocrx_word' id='word_1_121' title='bbox 722 1925 901 2010; x_wconf 78' lang='lat' dir='ltr'><strong>obligando</strong></span> <span class='ocrx_word' id='word_1_122' title='bbox 927 1944 985 2011; x_wconf 90' lang='lat' dir='ltr'><strong>se,</strong></span> <span class='ocrx_word' id='word_1_123' title='bbox 1011 1927 1098 2008; x_wconf 88' lang='lat' dir='ltr'><strong>quod</strong></span> <span class='ocrx_word' id='word_1_124' title='bbox 1115 1927 1300 2009; x_wconf 88' lang='lat' dir='ltr'><strong>quieunque</strong></span> <span class='ocrx_word' id='word_1_125' title='bbox 1315 1941 1472 2010; x_wconf 85' lang='lat' dir='ltr'><strong>proeesse</strong></span> 
     </span>
     <span class='ocr_line' id='line_1_15' title="bbox 347 2033 1471 2120; baseline 0.003 -24"><span class='ocrx_word' id='word_1_126' title='bbox 347 2038 529 2117; x_wconf 87' lang='lat' dir='ltr'><strong>temporem</strong></span> <span class='ocrx_word' id='word_1_127' title='bbox 557 2033 662 2119; x_wconf 83' lang='lat' dir='ltr'><strong>ipsum</strong></span> <span class='ocrx_word' id='word_1_128' title='bbox 688 2033 857 2116; x_wconf 76' lang='lat' dir='ltr'><strong>iacobum,</strong></span> <span class='ocrx_word' id='word_1_129' title='bbox 873 2053 932 2120; x_wconf 87' lang='lat' dir='ltr'><strong>pro</strong></span> <span class='ocrx_word' id='word_1_130' title='bbox 950 2033 1067 2120; x_wconf 91' lang='lat' dir='ltr'><strong>viginti</strong></span> <span class='ocrx_word' id='word_1_131' title='bbox 1084 2040 1118 2102; x_wconf 94' lang='lat' dir='ltr'><strong>et</strong></span> <span class='ocrx_word' id='word_1_132' title='bbox 1143 2034 1287 2118; x_wconf 88' lang='lat' dir='ltr'><strong>quinque</strong></span> <span class='ocrx_word' id='word_1_133' title='bbox 1299 2033 1471 2119; x_wconf 87' lang='lat' dir='ltr'><strong>jugeribus</strong></span> 
     </span>
     <span class='ocr_line' id='line_1_16' title="bbox 346 2140 1471 2229; baseline 0.001 -24"><span class='ocrx_word' id='word_1_134' title='bbox 346 2140 389 2206; x_wconf 95' lang='lat' dir='ltr'><strong>de</strong></span> <span class='ocrx_word' id='word_1_135' title='bbox 416 2141 565 2226; x_wconf 82' lang='lat' dir='ltr'><strong>eognatis</strong></span> <span class='ocrx_word' id='word_1_136' title='bbox 592 2143 736 2211; x_wconf 86' lang='lat' dir='ltr'><strong>eiusdem</strong></span> <span class='ocrx_word' id='word_1_137' title='bbox 763 2143 898 2210; x_wconf 83' lang='lat' dir='ltr'><strong>Arnoldi</strong></span> <span class='ocrx_word' id='word_1_138' title='bbox 925 2144 1077 2228; x_wconf 88' lang='lat' dir='ltr'><strong>superius</strong></span> <span class='ocrx_word' id='word_1_139' title='bbox 1095 2143 1261 2229; x_wconf 86' lang='lat' dir='ltr'><strong>expressis</strong></span> <span class='ocrx_word' id='word_1_140' title='bbox 1277 2142 1471 2208; x_wconf 86' lang='lat' dir='ltr'><strong>uexarenel</strong></span> 
     </span>
     <span class='ocr_line' id='line_1_17' title="bbox 349 2249 1471 2340; baseline 0.002 -28"><span class='ocrx_word' id='word_1_141' title='bbox 349 2249 494 2334; x_wconf 84' lang='lat' dir='ltr'><strong>inpetere</strong></span> <span class='ocrx_word' id='word_1_142' title='bbox 510 2250 551 2316; x_wconf 92' lang='lat' dir='ltr'><strong>de</strong></span> <span class='ocrx_word' id='word_1_143' title='bbox 569 2259 679 2320; x_wconf 91' lang='lat' dir='ltr'><strong>eetero</strong></span> <span class='ocrx_word' id='word_1_144' title='bbox 705 2252 971 2340; x_wconf 85' lang='lat' dir='ltr'><strong>attemptsuerit,</strong></span> <span class='ocrx_word' id='word_1_145' title='bbox 997 2251 1084 2319; x_wconf 90' lang='lat' dir='ltr'><strong>idem</strong></span> <span class='ocrx_word' id='word_1_146' title='bbox 1114 2249 1279 2319; x_wconf 85' lang='lat' dir='ltr'><strong>Arnoldus</strong></span> <span class='ocrx_word' id='word_1_147' title='bbox 1303 2255 1471 2316; x_wconf 88' lang='lat' dir='ltr'><strong>teneretur</strong></span> 
     </span>
     <span class='ocr_line' id='line_1_18' title="bbox 348 2359 1469 2448; baseline -0.001 -26"><span class='ocrx_word' id='word_1_148' title='bbox 348 2377 420 2424; x_wconf 89' lang='lat' dir='ltr'><strong>eum</strong></span> <span class='ocrx_word' id='word_1_149' title='bbox 447 2359 603 2443; x_wconf 86' lang='lat' dir='ltr'><strong>expedire</strong></span> <span class='ocrx_word' id='word_1_150' title='bbox 629 2362 772 2448; x_wconf 85' lang='lat' dir='ltr'><strong>proprijs</strong></span> <span class='ocrx_word' id='word_1_151' title='bbox 798 2361 967 2429; x_wconf 87' lang='lat' dir='ltr'><strong>laboribus</strong></span> <span class='ocrx_word' id='word_1_152' title='bbox 991 2369 1025 2429; x_wconf 89' lang='lat' dir='ltr'><strong>et</strong></span> <span class='ocrx_word' id='word_1_153' title='bbox 1050 2361 1218 2447; x_wconf 85' lang='lat' dir='ltr'><strong>expensis.</strong></span> <span class='ocrx_word' id='word_1_154' title='bbox 1247 2360 1367 2427; x_wconf 79' lang='lat' dir='ltr'><strong>Datum</strong></span> <span class='ocrx_word' id='word_1_155' title='bbox 1385 2379 1469 2423; x_wconf 78' lang='lat' dir='ltr'><strong>enno</strong></span> 
     </span>
     <span class='ocr_line' id='line_1_19' title="bbox 350 2466 1469 2556; baseline -0.003 -25"><span class='ocrx_word' id='word_1_156' title='bbox 350 2466 479 2533; x_wconf 89' lang='lat' dir='ltr'><strong>Dornini</strong></span> <span class='ocrx_word' id='word_1_157' title='bbox 491 2468 548 2534; x_wconf 64' lang='lat' dir='ltr'><strong>Mt</strong></span> <span class='ocrx_word' id='word_1_158' title='bbox 562 2467 657 2540; x_wconf 79' lang='lat'>0⁰0⁰.</span> <span class='ocrx_word' id='word_1_159' title='bbox 668 2469 873 2538; x_wconf 78' lang='lat' dir='ltr'><strong>L⁰x0x⁰x⁰.</strong></span> <span class='ocrx_word' id='word_1_160' title='bbox 884 2489 980 2556; x_wconf 84' lang='lat' dir='ltr'><strong>nono,</strong></span> <span class='ocrx_word' id='word_1_161' title='bbox 991 2468 1024 2535; x_wconf 90' lang='lat' dir='ltr'><strong>in</strong></span> <span class='ocrx_word' id='word_1_162' title='bbox 1037 2469 1209 2554; x_wconf 86' lang='lat' dir='ltr'><strong>quindenis</strong></span> <span class='ocrx_word' id='word_1_163' title='bbox 1225 2468 1320 2535; x_wconf 82' lang='lat' dir='ltr'><strong>Beati</strong></span> <span class='ocrx_word' id='word_1_164' title='bbox 1336 2467 1469 2551; x_wconf 82' lang='lat' dir='ltr'><strong>Georgij</strong></span> 
     </span>
     <span class='ocr_line' id='line_1_20' title="bbox 352 2576 504 2643; baseline 0 -1"><span class='ocrx_word' id='word_1_165' title='bbox 352 2576 504 2643; x_wconf 88' lang='lat' dir='ltr'><strong>blertiris.</strong></span> 
     </span>
    </p>
   </div>
   <div class='ocr_carea' id='block_1_6' title="bbox 345 2769 1466 3026">
    <p class='ocr_par' dir='ltr' id='par_1_6' title="bbox 345 2769 1466 3026">
     <span class='ocr_line' id='line_1_21' title="bbox 345 2769 1463 2847; baseline -0.001 -19"><span class='ocrx_word' id='word_1_166' title='bbox 345 2769 553 2843; x_wconf 81' lang='lat' dir='ltr'><strong>(stbadonott</strong></span> <span class='ocrx_word' id='word_1_167' title='bbox 565 2771 677 2844; x_wconf 73' lang='lat' dir='ltr'><strong>bdrtyu</strong></span> <span class='ocrx_word' id='word_1_168' title='bbox 692 2772 718 2828; x_wconf 85' lang='lat' dir='ltr'>A</span> <span class='ocrx_word' id='word_1_169' title='bbox 731 2771 793 2830; x_wconf 79' lang='lat' dir='ltr'><strong>mdr</strong></span> <span class='ocrx_word' id='word_1_170' title='bbox 805 2777 908 2832; x_wconf 86' lang='lat' dir='ltr'><strong>leesett</strong></span> <span class='ocrx_word' id='word_1_171' title='bbox 920 2773 1020 2846; x_wconf 80' lang='lat' dir='ltr'><strong>peesdt</strong></span> <span class='ocrx_word' id='word_1_172' title='bbox 1030 2773 1270 2845; x_wconf 60' lang='lat' dir='ltr'><strong>htrtyansinegon</strong></span> <span class='ocrx_word' id='word_1_173' title='bbox 1294 2773 1419 2847; x_wconf 77' lang='lat' dir='ltr'><strong>ftiggbtt.</strong></span> <span class='ocrx_word' id='word_1_174' title='bbox 1435 2800 1463 2808; x_wconf 89' lang='lat'>-</span> 
     </span>
     <span class='ocr_line' id='line_1_22' title="bbox 346 2860 1466 2938; baseline 0.002 -24"><span class='ocrx_word' id='word_1_175' title='bbox 346 2860 630 2934; x_wconf 79' lang='lat' dir='ltr'><strong>Peneonylrdptelsni</strong></span> <span class='ocrx_word' id='word_1_176' title='bbox 653 2862 789 2936; x_wconf 83' lang='lat' dir='ltr'><strong>orsudgos</strong></span> <span class='ocrx_word' id='word_1_177' title='bbox 814 2863 939 2922; x_wconf 76' lang='lat' dir='ltr'><strong>levdltdr</strong></span> <span class='ocrx_word' id='word_1_178' title='bbox 964 2865 1060 2938; x_wconf 83' lang='lat' dir='ltr'><strong>Capsu</strong></span> <span class='ocrx_word' id='word_1_179' title='bbox 1086 2865 1164 2920; x_wconf 87' lang='lat' dir='ltr'><strong>XlV.</strong></span> <span class='ocrx_word' id='word_1_180' title='bbox 1184 2864 1269 2920; x_wconf 81' lang='lat' dir='ltr'><strong>Fase.</strong></span> <span class='ocrx_word' id='word_1_181' title='bbox 1296 2865 1338 2918; x_wconf 87' lang='lat' dir='ltr'><strong>ll.</strong></span> <span class='ocrx_word' id='word_1_182' title='bbox 1358 2863 1405 2918; x_wconf 80' lang='lat' dir='ltr'><strong>Nr.</strong></span> <span class='ocrx_word' id='word_1_183' title='bbox 1428 2867 1466 2918; x_wconf 89' lang='lat' dir='ltr'><strong>ll.</strong></span> 
     </span>
     <span class='ocr_line' id='line_1_23' title="bbox 848 2957 965 3026; baseline -0.026 -15"><span class='ocrx_word' id='word_1_184' title='bbox 848 2957 965 3026; x_wconf 69' lang='lat' dir='ltr'><strong>liunus.)</strong></span> 
     </span>
    </p>
   </div>
   <div class='ocr_carea' id='block_1_7' title="bbox 772 3251 1043 3262">
    <p class='ocr_par' dir='ltr' id='par_1_7' title="bbox 772 3251 1043 3262">
     <span class='ocr_line' id='line_1_24' title="bbox 772 3251 1043 3262; baseline 0.007 -2"><span class='ocrx_word' id='word_1_185' title='bbox 772 3251 1043 3262; x_wconf 54' lang='grc' dir='ltr'><strong>..Ἣ</strong></span> 
     </span>
    </p>
   </div>
   <div class='ocr_carea' id='block_1_8' title="bbox 0 0 1582 5166">
    <p class='ocr_par' dir='ltr' id='par_1_8' title="bbox 0 0 1582 5166">
     <span class='ocr_line' id='line_1_25' title="bbox 0 0 1582 5166; baseline 0 0"><span class='ocrx_word' id='word_1_186' title='bbox 0 0 1582 5166; x_wconf 95' lang='lat' dir='ltr'><strong> </strong></span> 
     </span>
    </p>
   </div>
  </div>
 </body>
</html>
