3142 5170
606 286 775 386 Q

129 481 290 552 videlicet
308 479 543 570 cbybrionibus
558 482 739 564 vinearum,
766 483 848 554 locis
863 481 1124 556 molendinorum
1143 488 1176 550 et
1190 481 1249 552 vil-

130 593 184 677 lis,
201 592 257 677 qni
273 599 307 660 et
322 611 405 677 quas
422 591 508 658 idem
524 591 669 660 lacobus
685 589 792 658 Judex
808 591 940 678 fecerit,
968 591 1157 681 parauerit,
1174 610 1250 661 con·

130 702 285 768 struxerit
300 709 333 769 et
348 703 495 787 posuerit
509 699 543 768 iu
560 709 648 770 terra
664 703 789 788 eadem,
807 709 840 770 et
857 702 984 782 insulis,
994 701 1187 778 nemoribus,
1203 703 1249 770 le-

129 809 262 896 nilibns,
278 811 430 897 virgultis
445 817 479 878 et
494 809 571 896 alijs
587 809 811 897 pertinenciJs‚
822 818 856 878 et
871 811 1061 896 attinencijs
1076 810 1249 896 vniucrsis,

130 917 238 986 eidem
249 919 375 987 Jacobo
386 916 508 1006 Judici,
526 925 560 987 et
574 938 634 1008 per
650 938 723 986 eum
740 920 810 988 suis
827 920 1077 1005 posteritatibus
1092 917 1248 1004 dedimus,

130 1026 323 1096 donauimns
334 1035 367 1096 et
377 1029 570 1096 contulimus
583 1029 658 1115 jure
670 1037 830 1117 perpetuo
846 1029 985 1116 pacifice
1001 1027 1248 1114 possidendam,

130 1156 152 1201 a
168 1145 312 1223 tempore
322 1135 477 1206 uidelicet
486 1136 637 1204 introitus
650 1139 854 1222 antiquorum
861 1137 1073 1206 'l'artarornm
1090 1137 1249 1204 hactenus

129 1244 314 1327 desertam,
340 1263 477 1314 vacuam
504 1253 537 1314 et
552 1246 619 1314 suis
635 1247 876 1316 habitatoribus
891 1247 1101 1330 destitutam,
1128 1263 1248 1312 conce-

129 1353 247 1422 dentes
263 1359 296 1422 et
310 1355 521 1441 assignantes
538 1352 664 1421 eisdem
681 1351 789 1438 ipsam
807 1361 926 1420 terram
944 1355 1060 1420 eteius
1077 1351 1247 1432 utilitates,

130 1461 191 1528 snb
208 1461 331 1530 eisdem
342 1462 447 1546 metis,
460 1463 606 1529 terminis
623 1467 656 1528 et
671 1461 936 1547 limitacionibus,
952 1468 984 1528 ct
1001 1462 1034 1528 in
1051 1459 1165 1528 eadem
1181 1460 1248 1546 ple·

129 1570 286 1653 nitudine‚
303 1572 364 1639 snb
381 1572 499 1655 quibus
515 1572 655 1660 predicti
681 1569 832 1639 custodes
848 1571 931 1638 silue
946 1571 1160 1638 dinoscuntur
1175 1587 1248 1636 eam

128 1678 673 1764 anteapossedisse.0ninsquidem
685 1681 814 1772 termini
825 1686 910 1746 terre
921 1680 1033 1747 taliter
1044 1677 1247 1762 distinqnun·

129 1796 190 1872 tur,
200 1785 284 1856 sicut
299 1789 343 1856 ab
361 1809 417 1858 ore
432 1791 633 1857 venerabilis
649 1789 711 1856 viri
727 1789 875 1874 magistri
886 1789 981 1856 Pauli
993 1787 1156 1874 Propositi
1166 1785 1248 1854 soi*

130 1895 311 1980 goniensis,
322 1897 444 1979 Legum
456 1897 618 1979 Ductoris‚
637 1904 669 1962 et
679 1897 962 1966 Administratoris
973 1895 1123 1980 Quinque
1139 1895 1249 1963 Eccle-

129 2003 272 2088 siarum,
298 2003 408 2072 dilecti
434 2013 466 2072 et
492 2005 686 2072 familiarius
714 2005 824 2072 clerici
849 2004 963 2072 domus
988 2010 1118 2088 nostre,
1133 2003 1166 2068 in
1181 2001 1245 2068 bac

129 2119 224 2197 parte
240 2112 349 2198 nnnoij
375 2111 522 2181 eiusdem
547 2112 668 2180 domini
685 2111 944 2200 Arcbiepisccpi,
969 2110 1196 2195 recollegimus
1213 2117 1247 2176 et

130 2220 305 2288 didicimus
320 2220 487 2304 semotim,
514 2220 601 2304 quod
616 2222 732 2289 eadem
757 2227 844 2288 terra
858 2221 982 2287 situata
997 2225 1082 2286 retro
1106 2224 1248 2286 castrum

130 2330 336 2398 Posoniense
351 2329 435 2398 inter
451 2331 533 2396 duos
549 2331 683 2414 riuulos,
695 2328 963 2415 quemadmodum
980 2335 1030 2398 est
1045 2327 1247 2415 premissum,

130 2456 266 2521 quorum
282 2458 403 2508 vnusa
429 2448 524 2524 parte
548 2439 647 2505 castri
667 2439 877 2508 Posoniensis
894 2437 968 2524 Nog
983 2435 1156 2524 Wyadrioe
1171 2455 1249 2503 uon·

130 2555 278 2632 eupator,
295 2557 327 2613 et
342 2547 460 2616 altera
474 2555 568 2636 parte
585 2547 683 2616 castri
698 2549 826 2632 Dywen
843 2544 1088 2634 Onnywindrioe
1103 2543 1248 2632 appella-

131 2662 203 2739 tnr;
220 2659 253 2722 et
267 2655 411 2737 qualitas
428 2665 462 2722 et
477 2657 645 2740 quantitas
657 2655 803 2722 eiusdem
816 2664 901 2724 terre
912 2660 1075 2737 esttanta,
1086 2651 1172 2736 qnod
1186 2671 1249 2734 po-

128 2769 196 2830 test
211 2764 325 2831 eadem
350 2761 499 2831 sufficere
515 2765 708 2842 consilum,
724 2765 899 2850 virgultis,
925 2763 1022 2831 terris
1037 2782 1102 2828 uon
1117 2760 1248 2828 arabili·

128 2873 190 2938 bus
206 2879 240 2938 et
254 2874 370 2956 paucis
396 2875 580 2942 arabilibus
596 2875 641 2942 ad
657 2877 793 2960 triginta
807 2879 938 2959 aratra;
955 2881 988 2940 et
1004 2872 1070 2940 alie
1086 2875 1171 2937 mets
1187 2869 1247 2936 ibi-

128 2981 203 3050 dem
220 3000 284 3049 uon
301 2989 376 3048 sunt
385 3031 396 3068 ,
421 2983 485 3050 nisi
502 2985 590 3068 qnod
606 2985 707 3070 ijdem
725 2985 790 3052 duo
805 2984 904 3051 rinnli
919 2982 1122 3066 distinqnuut
1137 2987 1245 3046 terras

127 3090 229 3158 castri
245 3089 455 3159 Posoniensis
472 3099 505 3158 et
521 3101 625 3160 terras
645 3094 746 3161 castri
762 3094 863 3158 nostri
879 3092 921 3158 de
933 3093 1072 3178 Dywen.
1093 3085 1247 3156 Latitudo

127 3203 239 3267 autern
254 3199 357 3287 ipsius
376 3207 463 3268 terre
487 3199 602 3286 incipit
627 3202 670 3270 ab
695 3202 822 3270 oriente
839 3219 860 3266 a
875 3209 969 3286 parte
994 3199 1094 3266 castri
1111 3197 1244 3265 Posoni-

126 3308 229 3392 ensis,
247 3313 281 3374 et
305 3308 512 3395 protenditur
535 3328 638 3392 usque
658 3309 703 3376 ad
719 3317 823 3375 terras
839 3307 978 3394 predicti
1003 3307 1107 3376 castri
1123 3304 1164 3374 de
1180 3306 1248 3392 Dy-

126 3435 204 3484 wen
219 3414 262 3484 ad
279 3414 494 3503 obsidentem,
511 3423 545 3486 et
559 3424 668 3504 potest
683 3416 805 3484 babere
832 3416 865 3484 iu
882 3414 1056 3484 latitudine
1072 3415 1189 3500 spacia
1204 3411 1248 3478 ad

126 3522 365 3611 longitudinem
384 3525 500 3608 viginti
511 3527 675 3611 jugerum.
685 3525 877 3609 'Longitudo
893 3543 969 3592 vcro
985 3525 1101 3611 incipit
1116 3544 1138 3590 a
1153 3530 1248 3609 parte

124 3632 371 3702 meridionalia
395 3634 549 3702 Danubio
574 3636 659 3702 inter
683 3634 817 3702 eosdem
841 3633 975 3716 riuulos,
993 3639 1027 3700 et
1041 3630 1247 3718 protenditur

124 3743 173 3810 ad
183 3741 482 3827 septemtrionalem
493 3749 619 3827 partem
632 3761 733 3826 usque
749 3741 794 3810 ad
803 3760 956 3826 magnam
968 3741 1065 3826 viam,
1075 3757 1133 3824 per
1149 3759 1246 3824 qnam

125 3855 195 3920 itur
210 3853 244 3918 in
259 3849 372 3920 villam
389 3853 526 3938 Stnmpa
535 3902 544 3938 ,
567 3861 599 3920 et
615 3852 663 3922 ibi
680 3852 798 3923 linitur.
815 3853 857 3918 Et
872 3852 952 3936 qnia
967 3850 1167 3920 donaciones
1183 3849 1246 3915 Rc-

122 3981 204 4047 gnm
220 3965 295 4026 sunt
310 3959 436 4046 largius
453 3961 696 4049 interpretanda
705 4009 715 4046 ,
733 3961 883 4030 volumus
899 3961 1034 4030 firmiter
1050 3965 1244 4044 statuentes,

124 4077 163 4135 vt
180 4066 317 4157 (preter)
333 4072 439 4154 ipsum
454 4069 612 4138 Jacobnm
627 4071 779 4140 ludicen
795 4070 915 4138 eteius
931 4069 1016 4136 lilios
1032 4074 1065 4134 et
1080 4085 1247 4137 successo-

124 4196 194 4260 rcs,
210 4176 245 4244 in
270 4178 420 4262 predicta
444 4185 533 4246 terra
558 4189 590 4247 et
615 4181 683 4248 suis
701 4180 894 4247 utilitatibus
909 4199 970 4246 nco
986 4178 1130 4245 Comites
1146 4178 1245 4246 Poso-

124 4286 283 4370 nienses,
309 4287 364 4370 qni
388 4307 447 4372 pro
465 4295 612 4374 tempore
629 4287 750 4356 fuerint
767 4287 945 4372 constituti,
962 4305 1024 4354 nec
1041 4286 1163 4370 aliquis
1179 4283 1246 4352 offi-

131 4393 268 4462 cialium
284 4395 336 4461 vel
345 4395 559 4481 jobagionum
582 4415 711 4464 suornm
727 4397 873 4464 habeant
887 4394 1031 4480 aliquam
1047 4397 1245 4480 potestatem

126 4523 170 4572 ex
186 4501 372 4570 huiusmodi
382 4505 579 4591 excepcione
594 4512 719 4590 nostra,
736 4509 838 4573 toturn
854 4504 905 4572 ius
920 4511 954 4571 ct
964 4503 1142 4574 dominium
1158 4501 1245 4570 dicte

128 4619 216 4684 terre
234 4614 268 4682 et
282 4609 462 4686 volatum
472 4631 603 4690 suarum
619 4615 652 4689 in
668 4633 826 4704 personas
842 4612 989 4688 eiusdem
1004 4611 1131 4697 Jacobi,
1147 4610 1240 4688 suoi-
