3156 5158
599 341 755 436 --ἐζ

116 534 198 616 quod
214 533 248 600 in
264 535 433 619 utriusque
446 536 575 622 judicio
592 559 657 606 non
675 540 780 606 solum
808 537 890 602 vites
915 558 999 622 pene
1026 536 1237 604 contusionis-

117 663 175 726 que
190 643 394 731 discrimina,
422 647 483 714 sed
500 646 609 714 laudis
625 647 737 715 titulos
754 655 788 714 et
804 647 945 728 gratiam
963 667 1002 712 ac
1017 645 1239 713 retributionis

114 753 272 836 premium
289 755 492 840 assequaris.
520 755 642 824 Forma
658 764 766 822 autom
785 756 968 838 iuramenti,
987 757 1072 838 quod
1090 759 1240 842 prestare

114 862 260 930 volumus
285 867 480 935 collectores
507 866 661 950 eosdem,
678 865 738 931 hee
755 871 806 932 est
823 889 830 928 :
849 865 928 932 Jnro
945 883 1006 948 ego
1024 913 1030 928 .
1049 912 1056 928 .
1075 912 1083 931 .
1101 885 1121 930 a
1146 863 1239 930 uobis

114 969 274 1056 Magistro
290 975 329 1044 (i.
348 975 543 1042 austeritate
558 975 750 1059 Apostoliea
761 975 938 1059 deputatus
949 973 1107 1041 eoliector
1119 973 1160 1040 ad
1172 974 1239 1038 exi·

113 1082 266 1166 gendum,
284 1081 504 1168 colligendum
523 1089 556 1149 et
582 1083 809 1169 recipiendum
827 1082 987 1149 decimam
1005 1083 1147 1148 omnium
1163 1081 1239 1149 red-

112 1187 246 1277 dituum,
264 1198 298 1258 et
312 1198 530 1278 proventuum
547 1191 849 1260 ecclesiasticorum
866 1190 911 1257 ab
927 1187 1079 1257 omnibus
1090 1189 1239 1276 personis
1310 1195 1312 1202 ’

113 1297 351 1368 ecelesiasticis
375 1321 440 1368 nen
467 1300 627 1384 exemptis
651 1298 685 1365 in
701 1347 709 1364 .
727 1348 735 1364 .
753 1347 760 1363 .
779 1298 923 1366 Ciuitate
944 1304 976 1363 et
1004 1297 1139 1364 Dioeeai
1165 1317 1240 1365 con·

114 1406 259 1488 stitutus,
274 1426 295 1472 a
311 1407 398 1474 Sede
415 1407 607 1491 Apostoliea
622 1426 682 1492 pro
708 1405 856 1474 subsidio
873 1413 958 1472 terre
974 1415 1089 1472 sancte
1106 1424 1240 1472 conces-

114 1533 196 1600 sam,
213 1513 300 1596 quod
314 1512 456 1582 fideliter
474 1515 626 1600 exigam,
651 1515 825 1600 colligam,
842 1515 1001 1598 recipiam
1018 1518 1118 1597 atque
1135 1520 1240 1582 eusto-

114 1623 202 1688 diam
220 1623 327 1706 ipsam
345 1622 528 1708 decimam,
553 1643 619 1691 non
646 1623 829 1690 deserendo
847 1623 881 1688 in
897 1623 960 1688 biis
976 1622 1073 1688 alicui
1090 1641 1240 1706 persone,

116 1731 338 1814 cuiuscunque
354 1730 489 1818 ordinis,
505 1737 621 1818 status,
640 1730 836 1798 conditionis
853 1736 909 1796 aut
925 1729 1097 1814 dignitatis
1109 1731 1240 1814 existat,

115 1859 224 1926 prece,
244 1840 372 1925 timore,
387 1841 496 1926 gratia
513 1843 565 1907 vel
582 1841 705 1921 favore,
722 1841 774 1908 vel
786 1840 852 1907 alia
863 1857 1066 1923 quacumque
1077 1839 1118 1904 de
1129 1861 1241 1924 eausa,

114 1957 148 2014 et
163 1970 240 2015 eam
255 1949 384 2034 integre
399 1950 570 2016 restituam
581 1956 614 2018 et
624 1948 814 2032 assignabo,
830 1955 959 2034 prouia
975 1947 1068 2032 gobis
1086 1968 1242 2034 recepero

113 2057 148 2124 in
164 2057 339 2124 mandatis.
364 2058 406 2122 bt
422 2078 523 2144 super
539 2057 708 2144 premissis
734 2056 887 2122 omnibus
906 2062 939 2120 et
955 2053 1095 2140 singulis
1111 2057 1242 2141 plenam

114 2173 147 2232 et
162 2165 291 2234 fidelem
307 2166 469 2234 rationem
484 2167 624 2234 reddam
640 2165 747 2251 vobis,
758 2173 790 2232 ct
801 2166 830 2232 si
842 2165 1010 2250 contingat
1020 2185 1079 2232 vos
1091 2165 1242 2250 officium,

114 2273 200 2357 quod
217 2273 251 2338 in
267 2275 437 2359 premissis
454 2275 583 2358 geritis,
600 2274 763 2342 dimittere
773 2324 781 2358 ‚
801 2271 862 2339 hee
878 2272 993 2340 eadem
1010 2273 1133 2341 saciant
1150 2274 1242 2340 iuxta

115 2382 307 2450 mandatum
334 2383 440 2468 illiue,
457 2384 513 2467 qrui
528 2383 760 2465 substituetur,
778 2385 813 2450 in
838 2383 955 2449 codem
974 2382 1092 2448 officio.
1119 2383 1175 2450 Sic
1191 2402 1242 2446 me

114 2495 207 2560 Deus
232 2490 366 2559 adiuvet
381 2499 415 2560 et
439 2494 502 2561 hec
517 2494 642 2562 Sancta
657 2493 848 2577 Evangelia.
864 2494 985 2560 Datum
1002 2490 1152 2578 Lugduni
1167 2491 1240 2558 XII.

114 2601 188 2672 Kal.
204 2597 369 2670 Octobris.
387 2599 611 2685 (Pontificatus
626 2599 745 2688 nostri)
762 2621 850 2668 anno
867 2600 979 2668 tercio.

126 2813 176 2882 (X.
186 2815 318 2890 Gergely
328 2813 407 2886 pdpa
415 2813 605 2888 Regestdibdl
616 2813 858 2870 Theineertera
869 2813 1054 2872 Monumenta
1064 2811 1244 2885 Hungariam

295 2903 415 2962 Sacram
428 2905 612 2977 illustrantia,
625 2905 648 2961 1.
667 2906 728 2962 kot.
741 2905 843 2974 Roma,
858 2905 936 2961 1859.
950 2905 1011 2959 319.
1026 2901 1057 2974 l.)
