3154 5166
135 1159 194 1247 16)
220 1159 280 1226 IV.
296 1161 419 1228 Mittor
429 1163 521 1250 pdpe
540 1183 728 1249 apportando
746 1159 903 1250 tdrppban
920 1158 989 1228 tb'db
1003 1161 1263 1248 mappnrorredp

572 1267 629 1353 sda'
646 1269 811 1336 cenete.

239 1485 399 1554 Nicoleus
416 1485 599 1571 spiscopus
625 1505 743 1556 seruus
760 1503 926 1556 seruorum
946 1483 1009 1552 Dei
1024 1482 1190 1552 nobilibus
1215 1483 1261 1549 ri-

132 1595 178 1660 ris
202 1592 345 1680 Begorio
363 1590 474 1674 Zacb,
499 1591 639 1664 Nicoleo
665 1601 698 1662 et
713 1593 885 1680 Stephano
913 1591 993 1662 liliis
1019 1589 1182 1676 quondam
1198 1589 1261 1658 (lo-

134 1701 223 1771 mitis
239 1699 336 1786 Bagi,
354 1699 508 1768 fratribus
525 1701 664 1770 salutem
681 1709 714 1768 et
741 1701 966 1786 Apostolicem
991 1697 1260 1769 benedictionem.

133 1811 314 1895 Speremus
340 1809 485 1896 tirmiter,
513 1811 600 1895 quod
618 1831 678 1879 vos
698 1819 857 1895 tanquam
885 1808 1005 1878 hdeles
1025 1806 1083 1876 lilii
1101 1816 1134 1876 et
1150 1808 1261 1878 devoti

133 1925 259 1986 mentes
275 1925 402 1986 vestras
418 1918 461 1985 ed
478 1918 616 1988 celestia
628 1918 795 1988 desideria
811 1919 1007 2004 dirigentes,
1021 1919 1108 1984 cirea
1123 1918 1182 1986 ille
1200 1937 1259 1986 ros

132 2033 299 2115 promptos
316 2033 348 2093 et
373 2033 509 2111 paratos
535 2027 692 2094 exhihere
712 2027 851 2110 curetis,
878 2047 941 2111 que
969 2045 1111 2113 snpemo
1127 2023 1192 2094 siut
1206 2045 1260 2094 ac·

132 2142 230 2221 cepta
246 2138 446 2222 conspectui,
463 2135 578 2204 salutis
595 2142 702 2202 vestre
714 2135 893 2221 profectum
905 2135 1084 2220 respicient
1094 2141 1127 2203 et
1146 2153 1258 2220 procn-

132 2252 207 2312 rent
216 2243 291 2313 bdei
302 2242 489 2312 Christiane
506 2245 694 2312 continuum
710 2245 952 2330 incrementum.
964 2244 1053 2312 Sane
1068 2243 1112 2312 ad
1126 2241 1257 2310 eudim-

130 2355 210 2420 tiem
224 2360 366 2420 vestram
376 2349 538 2421 oredimus
550 2355 751 2438 pervenisse,
772 2372 868 2438 quam
885 2350 1190 2440 reprehensibiliter
1198 2350 1257 2418 ha·

131 2468 266 2540 eternus,
292 2480 456 2546 quemque
482 2463 672 2537 inhoneste,
698 2461 842 2546 quinimo
869 2461 1052 2547 periculose
1068 2479 1105 2526 se
1120 2460 1260 2543 gesserit

132 2568 356 2655 ...Ungerio
380 2571 470 2653 Rex,
500 2569 553 2654 qui
580 2569 713 2638 vesanis
740 2569 903 2637 adherens
928 2569 1074 2638 consiliis
1100 2574 1134 2634 et
1157 2587 1178 2634 e
1202 2566 1258 2634 rie

130 2679 280 2746 veritalis
324 2679 534 2762 exorbitans,
574 2675 760 2747 christiane
792 2677 953 2762 religione
982 2678 1185 2762 postposite,
1222 2693 1258 2740 se

129 2807 203 2854 cum
219 2788 368 2856 lutaris
378 2837 388 2872 ,
414 2788 630 2867 sarrecenis,
656 2785 829 2872 Neugeriis
839 2833 848 2868 ,
871 2792 905 2854 et
920 2785 1060 2872 paganis
1076 2785 1256 2868 dampnate

129 2894 392 2964 conversationis
410 2893 553 2964 audacia
569 2895 662 2962 fedus
688 2893 847 2962 asseritur
874 2893 1098 2975 contraxisse
1123 2896 1256 2978 sumpta
1339 2909 1341 2914 ’

127 3024 246 3072 norme
271 3005 432 3090 sephetia
458 3005 650 3091 specialiter
679 3001 810 3071 risendi
826 3021 898 3069 cum
914 3000 1089 3088 Nengeriis
1106 3001 1255 3086 supredi·
1335 3001 1337 3007 ’

128 3113 205 3199 ctis,
215 3133 255 3180 ac
270 3114 410 3199 turpiter
425 3119 457 3182 et
472 3115 679 3200 impudenter
689 3113 821 3178 abiecta
838 3112 976 3197 coniuge
992 3111 1134 3197 propris,
1149 3111 1255 3196 Rega-

131 3223 219 3288 libus
245 3222 356 3306 utique
379 3229 451 3289 orte
467 3221 634 3290 natalibus
651 3225 684 3286 et
700 3221 838 3289 honeste
855 3219 1114 3288 conversationis
1130 3239 1170 3286 ec
1186 3220 1254 3287 rite

130 3330 241 3398 titulis
257 3329 425 3416 insignite,
442 3329 597 3398 videlicet
623 3330 796 3398 carissime
812 3331 845 3396 in
861 3327 992 3398 Christo
1007 3325 1074 3396 tilia
1090 3333 1203 3396 nostra
1219 3327 1247 3394 h

127 3437 253 3505 Illustri
278 3437 409 3520 Regina
435 3437 600 3524 Ungarie,
628 3435 803 3506 crudeliter
827 3437 958 3506 seriens
983 3438 1019 3504 in
1043 3454 1080 3503 se
1096 3436 1206 3522 ipsum¹
1220 3442 1254 3504 et

126 3545 258 3612 domum
278 3545 423 3633 Ungarie
451 3547 598 3616 inclitam
614 3547 761 3634 Regibus
777 3547 905 3634 pollere
921 3543 1101 3614 Catholicis
1118 3563 1253 3613 consue·

125 3660 194 3722 tarn
204 3702 213 3736 ‚
240 3654 367 3722 thorum
392 3654 508 3723 fedare
533 3677 598 3723 nou
618 3655 732 3724 metuit
748 3653 957 3738 coniugalem
973 3654 1007 3720 iu
1024 3653 1184 3738 mandem
1200 3674 1251 3724 su-

126 3781 232 3848 perne
246 3762 429 3832 Maiestatis
446 3763 624 3847 offensem,
651 3783 752 3851 grove
778 3783 836 3832 sue
861 3765 979 3832 salutis
995 3763 1203 3850 dispendium
1218 3769 1253 3832 et

126 3871 323 3942 scandalum
339 3870 482 3941 fidelium
493 3873 711 3962 plurimorum.
724 3873 794 3941 Nos
810 3879 920 3941 antem
936 3871 1150 3957 equanimiter
1166 3872 1252 3941 lerre

125 3981 212 4049 talia
228 3986 346 4050 ettam
362 3984 477 4067 grerie
493 4001 558 4049 non
574 3983 781 4065 reticuisset
800 3983 969 4069 cupientes
986 4001 1046 4069 per
1060 3982 1252 4068 Apostolice

126 4090 226 4158 Sedis
241 4087 480 4175 providentiam
496 4097 686 4173 oportunum
703 4108 799 4177 super
815 4090 879 4159 hiis
892 4090 1036 4160 Domino
1052 4089 1188 4159 serente
1203 4109 1250 4158 re-

125 4195 271 4268 medium
286 4195 447 4281 adhiberi,
459 4197 682 4266 venerabilem
693 4197 824 4266 fratrem
840 4203 985 4266 nostrum
996 4201 1035 4266 B.
1047 4198 1248 4287 Episcopum

126 4305 355 4392 Eugobiuum,
380 4304 486 4373 virum
512 4303 625 4392 utique
651 4306 828 4376 virtutibus
844 4306 1031 4394 insignitum
1048 4327 1088 4376 ac
1105 4307 1201 4376 nobis
1216 4314 1250 4375 et

125 4413 286 4486 tratribus
301 4416 423 4483 nostris
440 4415 556 4484 meritc
572 4433 630 4484 sue
646 4416 822 4504 probitatis
844 4421 1025 4504 acceptum,
1042 4414 1086 4485 ed
1102 4417 1249 4504 Regnum

124 4523 293 4612 lingerio,
321 4523 492 4594 commisso
517 4523 581 4592 sibi
605 4525 704 4612 plene
728 4524 906 4612 legationis
932 4523 1041 4595 sturio
1069 4523 1105 4592 in
1130 4525 1247 4596 eodem

122 4638 259 4726 Regno,
284 4651 344 4702 nec
368 4653 433 4704 non
446 4633 633 4722 Dalmatis,
659 4654 723 4720 que
748 4633 894 4724 [Iugario
910 4635 1054 4726 Regibus
1070 4633 1156 4704 solet
1171 4651 1247 4710 esee
