3156 5158
607 278 765 382 ...Ξῦ-

127 495 240 544 norum
255 477 290 542 in
307 475 423 544 diebus
448 476 714 564 solempnitatum
740 497 890 560 suarum,
917 480 950 543 et
965 495 1024 561 per
1040 481 1177 544 octavas
1193 493 1248 542 ea·

127 700 314 758 sueverunt.
328 691 478 787 Vidimus
494 693 591 760 etiam
611 694 771 776 quasdam
782 693 912 759 litteras
929 693 1076 778 papales,
1093 711 1175 776 quas
1190 692 1248 758 ba·

126 801 204 868 beat
214 851 223 885 ,
239 801 515 883 indulgentiarum
543 803 662 870 cotidie
688 808 816 869 centum
831 801 954 868 diemm
970 801 1039 886 cis,
1057 800 1113 885 qui
1137 799 1248 867 visita·

126 909 232 976 verint
248 908 411 976 ecclesias
426 911 625 978 eorumdem.
644 910 681 979 Iu
698 911 814 995 quibus
829 908 979 978 omnibus
995 928 1060 977 non
1075 909 1180 978 solum
1198 928 1248 974 ec·

126 1017 239 1085 clesiis
256 1018 425 1086 civitatum
452 1019 597 1106 ipsarum
609 1069 618 1103 ,
644 1018 824 1088 sedeciam
848 1019 1030 1086 Liminibus
1055 1018 1248 1086 Sanctorum

125 1125 362 1210 Apostolorum
378 1127 465 1193 Petri
483 1135 515 1194 et
531 1129 628 1196 Pauli
644 1135 676 1196 et
692 1129 829 1196 aliorum
838 1129 1042 1207 Sanctorum,
1055 1147 1118 1212 que
1128 1127 1249 1194 exindo

127 1255 194 1302 non
211 1234 481 1320 frequentantur,
498 1236 583 1303 sicut
607 1237 699 1324 prius
720 1244 908 1304 consuetum
923 1236 1031 1303 inerat
1041 1287 1051 1321 ,
1068 1255 1133 1304 non
1147 1235 1248 1304 modi·

126 1362 198 1409 cum
226 1341 410 1427 derogatur.
436 1345 540 1412 Vobis
563 1345 685 1431 eciam,
703 1353 797 1432 pater
813 1345 996 1412 reverende
1006 1394 1013 1428 ,
1032 1351 1065 1412 et
1080 1345 1158 1412 aliis
1172 1363 1248 1412 cou-

126 1451 284 1519 iratribus
300 1453 420 1520 vestris
436 1459 470 1519 et
494 1455 728 1541 coepiscopis,
754 1455 888 1538 Legatis
914 1453 1020 1522 eciam
1037 1473 1058 1520 a
1073 1451 1180 1517 latere
1195 1471 1247 1518 ve·

125 1567 193 1626 stro
210 1561 340 1647 missis,
368 1583 433 1630 non
450 1562 534 1630 bene
550 1563 668 1630 sedere
685 1563 822 1648 videtur,
838 1564 925 1646 qnod
941 1581 1011 1628 cum
1028 1561 1060 1626 in
1077 1559 1249 1634 cotidianis

124 1668 408 1755 predicationibus
425 1670 544 1737 vestris
561 1679 594 1738 et
609 1672 730 1737 nostris
752 1692 814 1738 non
826 1673 911 1756 plus,
923 1690 1019 1754 quarn
1030 1667 1249 1754 quadraginta

123 1777 198 1845 dies
222 1776 301 1842 dare
318 1779 606 1855 consueverimus,
624 1799 734 1846 eorum
750 1779 930 1846 auctoritas
946 1779 1108 1846 excellere
1125 1797 1186 1846 nos
1202 1776 1247 1848 vir

125 1883 235 1950 detur.
251 1883 336 1962 Quid
354 1905 433 1970 ergo
449 1892 551 1953 restat
576 1887 781 1965 faciendum,
801 1887 898 1954 immo
915 1886 1018 1954 nichil
1034 1886 1124 1952 aliud
1139 1883 1176 1950 iit
1192 1903 1248 1956 co-¹

124 1995 218 2078 tidie,
236 1993 301 2060 nisi
317 1995 404 2079 quod
421 2013 541 2072 nomen,
564 1995 699 2062 fratrum
716 1995 866 2080 patribus
881 1993 1074 2080 preiudicet,
1094 1992 1248 2060 sacerdo-

122 2101 213 2169 tibus
230 2102 396 2190 videlicet,
415 2103 599 2188 ldpiscopis,
615 2104 712 2170 immo
727 2101 842 2179 vobis,
854 2113 893 2188 ,et
908 2109 1056 2188 pastores
1073 2101 1248 2168 admodum

124 2211 195 2276 dici
211 2231 275 2278 non
293 2211 473 2278 debeamus
483 2261 493 2297 ,
518 2231 580 2277 nec
605 2219 756 2296 oporteat
780 2212 903 2279 vultum
922 2230 1103 2296 agnoscere
1118 2210 1247 2298 pecoris

123 2319 230 2384 nostri
246 2321 279 2385 in
296 2317 567 2404 confessionibus,
585 2319 808 2406 necpabulum
819 2320 867 2386 eis
884 2318 1120 2405 predicationis
1136 2318 1248 2404 affero,

121 2447 191 2507 nec
209 2447 324 2494 curare
342 2426 520 2508 infirmum,
546 2447 608 2494 nec
633 2428 838 2496 consolidare
855 2428 1080 2512 confractum,
1096 2447 1167 2495 cum
1182 2426 1249 2512 ipsi

123 2537 166 2598 de
183 2534 248 2602 hiis
264 2536 429 2620 omnibus,
447 2535 542 2602 uobis
558 2535 670 2603 invitis
687 2541 719 2602 et
735 2536 930 2621 irrequisitis
947 2556 984 2602 se
1009 2535 1129 2602 cotidie
1154 2534 1251 2602 iutro-

123 2643 275 2729 mittant,
292 2644 522 2728 privilegiatos
539 2662 575 2710 se
591 2645 623 2710 in
640 2663 679 2711 eo
694 2663 753 2729 per
770 2645 887 2713 Sedem
909 2645 1134 2731 Apostolicnm
1159 2663 1249 2711 asse·

123 2759 246 2820 rentes.
258 2752 353 2820 Unde
364 2753 442 2836 quia
452 2773 517 2820 non
529 2754 802 2820 communicamus
812 2753 905 2840 vivis,
916 2772 978 2820 nec
994 2753 1098 2822 eciam
1114 2771 1250 2820 commu·

124 2861 278 2932 uiuamus
293 2858 467 2946 defunctis,
484 2860 554 2928 sive
570 2861 603 2926 in
619 2860 851 2947 oblationibus,
870 2860 939 2929 sive
956 2862 990 2929 in
1006 2862 1250 2948 canonioapor:

122 2971 226 3036 tione.
242 2969 330 3034 Hinc
346 2969 432 3036 enim
448 2969 528 3036 dicti
543 2969 662 3038 fratres
678 2972 712 3037 in
729 2971 912 3038 civitatibus
929 2973 1024 3058 quasi
1042 2976 1184 3040 omnium
1194 2973 1250 3042 ho·

121 3079 249 3144 minum
274 3077 460 3163 sepulturas
475 3077 606 3144 habeut.
624 3078 742 3146 Samen
767 3079 959 3148 elericorum
986 3081 1075 3164 quod
1099 3079 1132 3146 iu
1148 3086 1248 3148 testa·

122 3186 244 3253 mentis
269 3183 465 3271 quandoque
489 3191 645 3271 steterat,
672 3205 758 3255 nnnc
783 3207 804 3254 a
837 3189 1043 3256 testamentis
1068 3188 1248 3256 dinoscitur

120 3295 255 3380 penitus
271 3295 443 3378 cecidisse,
459 3301 493 3360 et
507 3295 621 3380 legata
637 3296 768 3362 suntab
786 3296 834 3365 eis
850 3296 983 3382 penitus
998 3297 1157 3382 relegata.

233 3403 303 3470 Hac
320 3403 449 3486 quidem
467 3411 545 3471 sunt
570 3403 733 3489 dampna,
759 3424 821 3488 que
850 3406 957 3472 clerus
973 3405 1112 3472 sustinet
1127 3403 1170 3472 ab
1186 3399 1249 3470 eis·

120 3511 221 3597 dem;
239 3511 361 3578 exinde
377 3518 482 3578 antem
498 3511 595 3597 plura
621 3510 886 3580 inconvenientia
910 3513 1136 3580 subsecuntur.
1153 3511 1247 3590 Certe

122 3640 201 3686 eum
218 3619 377 3686 Dominus
393 3623 497 3688 Beato
513 3621 612 3688 Petro
637 3620 796 3705 Apostolo
816 3620 912 3688 simul
928 3618 1127 3688 commiserit
1142 3623 1196 3688 ius
1211 3620 1248 3688 li-

120 3727 227 3812 gandi
244 3735 343 3812 atque
359 3727 530 3814 solvendi,
557 3735 590 3796 et
615 3747 686 3796 cum
714 3729 951 3798 contrariorum
967 3749 1041 3798 esse
1056 3730 1179 3798 debeat
1193 3751 1247 3808 ear

120 3835 199 3904 dem
217 3835 403 3922 disciplina,
421 3839 598 3924 miramur,
618 3839 759 3922 qualiter
775 3839 827 3908 ius
843 3837 991 3908 solvendi
1006 3840 1130 3907 babere
1146 3861 1182 3908 se
1198 3838 1245 3906 di·

120 3951 214 4030 cant,
232 3963 305 4012 eum
321 3965 387 4012 non
402 3943 550 4014 habeant
564 3947 616 4014 ius
627 3947 766 4034 ligandi,
777 3969 840 4016 nec
850 3947 1084 4016 etiamhabere
1100 3949 1244 4035 vellent;

119 4072 197 4119 cum
214 4052 279 4122 etsi
295 4051 513 4124 committatur
530 4057 578 4122 eis
594 4056 695 4126 etiam
720 4057 762 4124 ab
791 4056 984 4144 Episcopis,
1000 4056 1089 4140 qnod
1105 4057 1246 4142 aliquem

116 4153 415 4245 excommunicent,
433 4162 571 4229 reddunt
587 4183 624 4231 ae
641 4161 794 4236 difficiles
816 4170 983 4248 tamquam
999 4170 1190 4250 exemptos:
1207 4167 1245 4234 ti·

115 4275 214 4338 ment
229 4269 318 4336 enim
335 4290 376 4338 ex
391 4269 453 4336 hoc
468 4271 517 4340 eis
532 4271 716 4358 displicere,
734 4278 849 4340 contra
875 4292 957 4356 quos
973 4274 1037 4342 boc
1052 4280 1139 4342 esset
1152 4273 1246 4342 sorsi-

111 4386 191 4446 tam
205 4375 406 4444 iaciendum.
423 4379 543 4446 Volunt
560 4379 690 4463 quidem
705 4380 818 4449 bibere
834 4381 969 4451 calicem
986 4383 1053 4450 vini
1069 4383 1160 4467 meri,
1170 4397 1245 4466 cum

114 4497 240 4562 ,umen
256 4485 387 4572 plenius
402 4487 447 4554 sit
460 4488 571 4575 mixto,
587 4497 621 4557 et
635 4487 692 4556 tex
708 4489 779 4556 eius
793 4509 861 4557 non
876 4489 921 4558 sit
935 4489 1114 4574 exinanita,
1127 4489 1244 4560 bibero¹

118 4596 202 4662 dam
219 4594 313 4662 illam
330 4594 458 4662 clericis
482 4595 714 4680 relinquentes.
738 4596 896 4668 Videntur
920 4597 1005 4668 euim
1031 4597 1112 4668 dicti
1126 4596 1245 4688 transq
