3142 5164
788 253 952 354 Α

312 451 562 522 deliberationis
573 451 761 520 scrutinium
772 449 978 535 introductis,
989 451 1024 518 in
1034 457 1067 520 te
1076 451 1327 520 deliberationis
1336 451 1441 538 ipsius

310 563 418 630 exitus
443 560 651 646 conquievit,
678 567 711 627 et
737 559 1006 643 considerantes,
1038 555 1126 643 quod
1141 561 1227 628 sicut
1252 561 1441 630 assertione

310 668 480 758 fidedigna
504 669 709 757 recepimus,
734 671 784 736 vir
808 687 844 736 es
869 668 901 734 in
929 667 1066 736 consilio
1092 667 1257 754 providus
1268 721 1278 758 ,
1303 670 1338 736 in
1360 669 1442 736 acti·

311 781 374 848 bus
399 785 568 862 strenuum,
599 777 719 846 virtute
743 777 872 864 pollens
899 783 933 845 et
957 777 1064 865 lama,
1091 777 1205 862 sicque
1233 779 1268 848 in
1292 777 1440 847 Waradi-

314 889 387 958 ensi
413 889 567 956 Ecclesia
593 905 656 954 uon
675 888 778 954 solum
794 885 945 973 fideliter,
962 887 1023 954 sed
1039 892 1072 954 et
1087 874 1212 956 utiliter
1236 886 1442 973 ministrasti,

313 1004 349 1064 nt
374 1017 474 1084 snper
499 1016 608 1084 pauca
632 995 758 1082 fidelis,
774 1016 873 1083 super
889 997 991 1064 multa
1007 995 1164 1066 constitui
1183 997 1356 1080 merearis,
1372 1001 1441 1062 tea

313 1105 464 1192 vinculo,
490 1125 555 1190 quo
581 1105 690 1174 eidem
707 1105 917 1174 waradiensi
933 1105 1101 1172 tenebaris
1118 1105 1282 1190 Ecclesie,
1298 1104 1342 1172 de
1357 1107 1441 1190 ipso-

314 1235 385 1284 rum
402 1215 537 1283 fratrum
556 1213 698 1282 consilio
716 1219 749 1281 et
764 1213 958 1300 Apostolice
974 1211 1365 1300 plenitudinepotestatis
1385 1212 1440 1280 dn·

315 1325 423 1392 ximus
438 1323 697 1408 absolvendum,
715 1329 749 1390 ct
765 1321 808 1390 ad
825 1321 949 1388 dictam
965 1320 1225 1405 Strigonieneem
1242 1321 1442 1390 transferen-

315 1439 368 1502 tes
394 1431 578 1500 Ecclesiam
602 1436 736 1519 propter
752 1436 923 1517 urgentem
939 1431 1187 1514 necessitatem,
1205 1435 1239 1496 et
1254 1430 1441 1499 evidentem

316 1540 489 1608 utilitatem
505 1539 618 1624 ipsius,
635 1547 667 1606 te
684 1540 748 1624 ipsi
764 1537 952 1626 preficimus
969 1539 1001 1606 in
1018 1537 1317 1626 Arebiepiscopum
1335 1544 1370 1606 et
1384 1540 1442 1605 Pa·

317 1651 458 1732 storem,
482 1646 692 1715 nihilominus
707 1651 742 1713 ut
756 1647 801 1714 ad
817 1646 957 1714 candem
973 1647 1233 1732 Strigonieusem
1258 1645 1443 1714 Ecclesiam

317 1755 420 1823 libere
444 1765 614 1839 transeas,
639 1755 699 1821 tibi
722 1755 892 1823 licentiam
908 1755 1135 1823 concedentes.
1152 1755 1217 1822 Illa
1236 1756 1299 1822 sub
1317 1774 1378 1842 spe
1393 1757 1444 1822 Di-

320 1863 396 1932 vine
420 1863 640 1931 misericordie
666 1870 827 1950 concepta
852 1862 894 1930 de
919 1871 977 1932 tua
1003 1863 1302 1950 circumspectione
1317 1863 1444 1948 fiducia,

320 1972 409 2056 quod
423 1977 456 2039 te
481 1971 545 2058 ipsi
572 1971 793 2058 strigoniensi
810 1972 959 2040 Eccleeie
975 1972 1024 2038 sic
1041 1971 1257 2059 spiritualiter
1273 1981 1309 2040 et
1325 1977 1445 2059 tempo-

320 2079 434 2146 raliter
451 2081 562 2148 utilem
579 2080 762 2164 exhibebis,
783 2079 870 2163 quod
890 2081 985 2148 illata
1001 2080 1064 2148 sibi
1081 2101 1139 2167 per
1154 2081 1369 2148 diurnitatem
1385 2102 1444 2148 va·
1548 2103 1549 2172 ᾗ

322 2186 466 2257 cationis
490 2189 654 2273 dampna,
681 2189 752 2256 Deo
777 2188 971 2274 auxiliante,
997 2191 1170 2274 resarcies,
1186 2189 1377 2257 deformata
1391 2207 1446 2256 suc

321 2299 425 2370 forme
441 2297 609 2383 restitues,
626 2303 659 2365 et
675 2297 850 2383 deperdita
865 2299 1081 2366 restaurabis.
1099 2299 1245 2382 Ideoque
1262 2297 1447 2366 fraternita·
1548 2303 1549 2370 5

322 2415 388 2474 tem
404 2413 494 2473 tuam
508 2425 687 2489 monemus,
705 2425 866 2492 rogamus,
884 2408 915 2474 ei
931 2408 1097 2474 hortamur
1113 2413 1260 2488 attente,
1278 2427 1340 2492 per
1357 2408 1448 2491 Apo·
1548 2437 1549 2492 4

323 2515 441 2582 stolioa
466 2513 591 2600 scripta
615 2513 676 2582 tibi
694 2514 901 2602 mandantes,
919 2523 1082 2598 quatenus
1100 2535 1182 2583 onus
1198 2514 1381 2582 iniunctum
1397 2513 1450 2580 de·
1548 2513 1549 2584 f

323 2629 400 2694 vote
416 2621 609 2708 suscipiens,
629 2621 770 2691 eandem
786 2623 1045 2708 Strigoniensem
1061 2623 1249 2691 Ecclesiam
1270 2623 1304 2688 in
1322 2623 1450 2710 spiritu·
1548 2613 1549 2618 ’

324 2732 432 2799 alibus
458 2735 491 2796 et
515 2730 754 2815 temporalibus
781 2730 956 2818 diligentie
983 2737 1039 2798 tue
1064 2732 1274 2798 commissam
1302 2731 1453 2799 celeriter

325 2839 440 2923 adeas,
457 2837 775 2907 administrationem
792 2840 896 2926 ipsius
913 2837 1114 2907 adsalutem
1140 2841 1254 2928 populi
1278 2841 1343 2907 tibi
1370 2859 1453 2906 com·
1548 2827 1549 2836 '

326 2947 418 3014 missi
443 2951 476 3012 et
501 2951 589 3012 tuam
615 2947 664 3014 sic
689 2947 723 3012 in
749 2947 896 3033 utrisque
924 2947 1099 3033 diligenter
1116 2967 1282 3033 exerceas,
1300 2955 1335 3016 et
1350 2947 1453 3033 ipsius

327 3054 515 3124 exercitium
539 3053 729 3138 diligentius
754 3057 964 3140 prosequaris
975 3103 984 3137 ,
1015 3054 1102 3139 quod
1127 3055 1169 3122 de
1194 3057 1331 3123 talentis
1356 3056 1455 3122 tibia
1548 3109 1549 3142 ,

327 3162 468 3231 Domino
494 3162 625 3230 creditis
652 3163 813 3230 rationem
839 3162 873 3229 in
889 3161 944 3228 die
960 3162 1065 3230 stricti
1090 3163 1251 3232 examinis
1267 3164 1454 3232 redditurus

326 3272 388 3340 illa
412 3271 630 3355 multiplicata
654 3271 821 3356 duplicato
847 3270 965 3340 fenore
990 3272 1206 3338 committenti
1232 3293 1306 3340 cum
1333 3271 1454 3340 fiducia

327 3385 543 3467 representes.
561 3380 682 3447 Datum
693 3380 797 3446 Rome
813 3379 902 3464 apud
914 3385 1061 3447 sanetum
1072 3381 1204 3448 Petrum
1222 3381 1340 3448 idibus
1355 3381 1453 3464 Jmii,

330 3485 556 3584 (Pontificatus
572 3485 691 3575 nostri)
710 3507 797 3557 anno
812 3487 969 3555 secundo.

435 3663 922 3758 (nrnrnrsspspsnsgsssreu,
936 3679 1319 3742 brementensem.
1334 3684 1370 3760 r.)
