3116 5166
114 1160 134 1224 1
138 1159 181 1230 V„
197 1156 315 1223 Lriezld
334 1177 468 1244 mappas·
492 1155 601 1244 tirotp
628 1156 654 1224 1.
670 1154 802 1242 liudolf
820 1157 1034 1222 sormi-nones
1059 1152 1232 1242 tirotptos,

110 1265 187 1354 dopy
214 1265 339 1332 Otolrar
364 1265 432 1332 osolt
456 1265 566 1352 kirtly
592 1270 625 1330 ds
648 1264 902 1332 unuukemberei
915 1289 937 1332 o
951 1261 1083 1331 torreto
1097 1263 1233 1330 voretur

514 1372 620 1461 torpet
635 1375 711 1460 νηός.
729 1374 828 1440 1277.

217 1574 269 1642 Ne
293 1571 349 1640 diu
374 1569 592 1640 sermonibus·
606 1572 834 1655 immoremur,
860 1571 920 1639 sed
937 1569 1156 1638 oonsoientise
1172 1589 1233 1637 no·

106 1689 199 1750 stroe
227 1687 361 1750 seerete
384 1701 491 1749 sermo
516 1683 700 1750 suooinetus
723 1686 912 1769 percurrat,
939 1680 1134 1766 simpliciter
1148 1683 1235 1746 teste

104 1789 291 1876 altissimo,
307 1797 403 1876 prout
419 1789 454 1857 iu
470 1789 581 1856 sordis
602 1791 705 1857 nostri
721 1789 905 1856 continetur
921 1787 1117 1868 seoretnrio,
1132 1783 1233 1872 profi-

105 1907 212 1968 temur
220 1947 231 1982 ,
257 1897 344 1983 quod
365 1899 463 1984 juxte
479 1898 586 1967 feliois
602 1898 734 1967 unionis
750 1898 909 1982 foedere,
926 1897 1045 1983 quibus
1060 1895 1234 1963 filialitatis

102 2029 142 2075 ae
158 2007 332 2075 societatis
349 2006 488 2075 vinoulis
504 2026 600 2072 unum
619 2027 742 2092 sumus,
758 2007 917 2074 rurestris
933 2003 1105 2074 desideriis
1120 2009 1236 2070 nostro

101 2135 271 2201 uunquam
289 2113 493 2200 disorepsbit
518 2113 682 2201 intentio,
700 2113 760 2183 sed
777 2115 812 2182 in
827 2115 996 2198 omnibus,
1014 2132 1100 2196 quae
1114 2109 1233 2179 vestris

98 2223 316 2292 blandiuntur
332 2221 527 2310 uisentibus,
555 2243 687 2310 semper
712 2231 857 2310 prompti
873 2230 906 2289 et
922 2221 1064 2290 benivoli
1080 2238 1234 2306 assurge·

99 2351 185 2399 mus
213 2329 303 2397 Sane
318 2331 363 2398 ud
379 2329 442 2399 hoo
451 2381 460 2416 ‚
477 2331 564 2416 quod
579 2351 684 2420 nuper
699 2331 816 2400 Vestra
827 2329 995 2402 celsitudo
1016 2329 1122 2416 Regio
1137 2326 1232 2395 nobis

100 2437 339 2526 conquerendo
355 2438 559 2523 monstrarit,
579 2441 735 2509 videlieet
750 2440 860 2508 adhue
876 2437 1038 2524 quaedam
1053 2442 1166 2506 vestre
1181 2453 1233 2502 os-

96 2557 174 2620 strs
200 2571 224 2615 s
239 2548 363 2618 nostris
387 2547 540 2617 fidelibus
556 2551 698 2618 detineri
716 2549 749 2617 in
765 2557 912 2619 vestrum
927 2544 1163 2634 praejudicium
1180 2565 1234 2612 oo·

97 2663 251 2744 eupata,
269 2655 408 2724 Vestrae
434 2657 604 2743 Msjeststi
632 2660 743 2726 taliter
768 2657 921 2725 duximus
946 2653 1234 2744 respondendum:

93 2765 190 2850 qnod
208 2783 274 2832 nos
289 2763 331 2832 sb
348 2763 386 2832 Ο.
403 2771 436 2830 et
451 2765 550 2851 aliis,
566 2767 623 2851 qui
650 2775 762 2836 oestro
786 2765 959 2854 proedicto
985 2765 1150 2849 detinent,
1162 2761 1234 2846 jam

91 2875 228 2942 dudum
245 2873 362 2940 eadem
378 2874 629 2962 requisivimus,
646 2878 701 2962 qui
716 2876 857 2946 offerunt
872 2895 908 2944 se
924 2879 1073 2962 paratos,
1091 2869 1235 2956 quendu-

88 3000 236 3067 eumque
251 2981 393 3048 Vestrae
409 2983 586 3052 Serenitati
596 2985 769 3073 plaouerit,
787 3005 896 3052 eoram
913 2982 1038 3052 vestris
1052 2980 1234 3047 Beronibus

87 3111 153 3176 per
170 3087 295 3160 omnin
310 3091 441 3175 faeere,
458 3093 617 3179 quiequid
627 3095 715 3180 juris
734 3095 841 3178 tuerit,
859 3100 893 3161 et
909 3111 1090 3162 eonsonum
1105 3086 1234 3155 rationi.

87 3203 248 3288 Propter
265 3200 356 3282 quod
372 3199 472 3267 Vobis
488 3202 686 3270 consulimus
705 3201 893 3286 bonafide,
909 3200 1000 3286 qnod
1016 3198 1059 3265 sd
1075 3202 1235 3264 terrerum

86 3317 298 3380 nostrarum
323 3314 429 3378 metas
455 3317 488 3376 et
503 3313 660 3383 terminos
675 3313 765 3381 uiros
781 3310 918 3379 idoneos
934 3306 1184 3389 transmittatis,
1202 3310 1235 3372 et

84 3440 153 3488 nos
172 3419 223 3485 de
242 3417 366 3487 nostris
382 3417 510 3502 sliquos
527 3421 764 3506 adjungemus,
780 3421 847 3507 its,
863 3417 952 3502 quod
974 3417 1009 3484 in
1033 3415 1177 3501 ipsorum
1202 3418 1235 3479 et

82 3525 289 3614 praedicte
305 3535 418 3622 eastra
444 3527 659 3598 detinentium
674 3531 866 3616 praesentia
882 3525 1031 3613 quaestio
1047 3519 1235 3608 hujusmodi

82 3635 155 3704 fine
173 3633 359 3702 amicabili
374 3635 574 3704 terminetur.

77 3834 271 3903 (Bodmann
284 3831 350 3889 Fer.
362 3831 449 3904 dous,
463 3831 560 3891 Codex
570 3835 742 3908 Epistolsris
753 3832 877 3996 >liudolfi
888 3831 911 3890 1.
923 3831 1006 3888 Rom.
1018 3829 1116 3904 Regis,
1128 3825 1235 3902 Lipsre

583 3927 662 3984 1806.
675 3927 719 3983 66.
732 3925 752 3980 l.
