3116 5166
803 276 963 378 243-

319 469 506 544 buiurmodi
531 473 743 552 mentionem.
768 479 802 540 ct
823 473 973 556 quolibet
988 469 1057 540 slis
1074 465 1277 554 indulgentis
1295 465 1388 534 dicte
1404 481 1455 534 cc·

320 578 372 648 dls
397 580 545 664 geucruli
571 579 625 650 sel
650 578 808 664 speciali,
834 581 1067 666 cuiuscumque
1092 573 1217 644 tenoris
1242 571 1378 658 existat,
1395 591 1455 659 per

320 704 418 768 quem
442 685 578 758 effectus
603 687 807 775 presentium
830 688 982 776 impediri
1007 680 1340 764 velentreldifferri,
1359 679 1453 747 etde

320 813 387 880 quc
401 796 435 862 ln
452 797 575 866 nostris
591 796 710 866 litteris
733 796 889 884 specialis
913 797 1038 866 mentio
1053 793 1099 864 sit
1112 789 1281 873 habende,
1296 787 1451 856 fretemi-

321 903 380 972 teti
403 909 460 972 tue
486 903 624 974 liberem
652 903 863 974 concedimus
879 906 1074 978 suctoritste
1091 900 1297 992 presentium
1312 897 1450 966 inculte·

320 1018 396 1078 tem.
412 1011 533 1080 Dotem
559 1012 697 1083 Viterbii
724 1013 766 1082 Χ.
787 1013 959 1084 Keleudss
976 1011 1143 1100 Octobris,
1159 1005 1374 1079 Pontificatus
1391 1024 1448 1075 no·

321 1120 615 1210 stricnnoprlmc.

423 1316 487 1389 (111.
503 1316 610 1378 millo·
623 1316 701 1392 ptpr
714 1317 910 1391 Repertdibdl.
923 1316 1052 1377 Thelser
1064 1316 1102 1374 id.
1115 1333 1153 1374 m.
1165 1313 1189 1372 1.
1201 1313 1231 1371 k.
1244 1311 1307 1370 332.
1318 1312 1349 1384 l)

858 2145 915 2214 10.

326 2345 385 2432 19)
402 2351 434 2414 A
443 2347 534 2435 popo
550 2341 684 2432 Folopct
700 2344 884 2432 torspupjoc'
891 2338 1003 2428 feletto'
1010 2339 1167 2430 sepyclmc'
1177 2337 1447 2426 lotalcmrnolfcl·

813 2449 961 2518 mliorem

432 2653 592 2723 Nicolsus
623 2651 804 2740 Episcopus
830 2668 946 2717 seruus
974 2668 1142 2718 seruorum
1176 2648 1241 2716 Dei
1268 2646 1448 2716 venerabili

325 2761 420 2832 irotri
443 2760 598 2848 Philippo
623 2760 788 2849 Episcopo
814 2759 971 2828 l'irmsuo
996 2757 1186 2846 Apostolice
1209 2756 1306 2826 Sedis
1326 2755 1447 2840 Legsto

326 2869 467 2938 salutem
494 2875 526 2934 ct
550 2867 775 2952 Apostolicum
801 2867 1072 2936 benedictionem.
1089 2865 1220 2933 (inmte
1237 2863 1283 2933 ad
1297 2861 1447 2950 Ungerie,

326 2973 464 3046 Pclonie
472 3023 482 3059 ,
499 2973 685 3060 Delmatie,
703 2975 857 3063 Orestis,
872 2975 975 3043 Reme
984 3025 994 3061 ,
1014 2973 1147 3052 Servis,
1163 2973 1370 3056 bodomcrie,
1387 2973 1448 3042 (io-

325 3083 397 3154 litie
421 3089 454 3150 ct
469 3081 630 3151 Cumanis
656 3089 777 3169 portes,
804 3084 863 3152 tibi
879 3085 1051 3152 commisso
1067 3081 1149 3151 inibi
1165 3082 1264 3170 plene
1280 3079 1449 3168 legationis

326 3189 445 3277 officio,
462 3211 523 3280 pro
541 3191 653 3260 arduis
670 3192 813 3278 negotiis
834 3192 1056 3277 destinemus,
1072 3193 1107 3259 in
1131 3191 1307 3260 desideriis
1333 3189 1450 3259 nostris

325 3301 459 3388 geritur,
478 3307 514 3368 ut
529 3301 689 3372 submotis
704 3301 950 3390 impedimentis
976 3302 1175 3388 quibuslibet
1193 3302 1384 3370 huiusmodi
1398 3317 1449 3365 ne-

326 3408 450 3494 gotium
475 3427 667 3498 prosperum
699 3417 919 3499 consequetur
950 3413 1111 3480 effectum.
1143 3413 1233 3482 Sene
1258 3409 1450 3497 Apostolics

327 3515 432 3586 Sedes
457 3519 625 3588 nonnullis
651 3521 779 3590 clericis
806 3521 1009 3594 secularibus
1025 3529 1079 3590 tue
1097 3521 1274 3608 legationis
1290 3521 1326 3589 in
1345 3519 1450 3590 multu

328 3643 365 3694 re
381 3625 555 3696 liberalem
571 3627 731 3710 exhibuit,
748 3637 780 3698 ct
796 3628 975 3716 benignam
991 3630 1040 3697 eis
1057 3637 1126 3698 tem
1140 3648 1237 3716 super
1264 3629 1451 3714 provisions

327 3735 391 3804 sibi
417 3735 573 3806 faciende
599 3738 642 3805 de
668 3736 836 3808 beneficiis
862 3738 1119 3825 ecclesiasticis,
1145 3757 1244 3824 quem
1261 3757 1362 3824 super
1378 3737 1451 3806 allis

328 3843 444 3930 gratiis
460 3845 577 3914 literas
593 3847 796 3933 spostolicae
812 3853 845 3914 et
870 3848 1078 3917 executories
1103 3847 1204 3916 etiam
1230 3847 1452 3916 concedendo.

327 3951 414 4032 Quin
428 3972 506 4022 vero
525 3953 611 4022 sicut
626 3955 774 4024 levorem
790 3954 921 4025 devotio
937 3965 1148 4044 promeretur,
1165 3957 1214 4024 sic
1230 3957 1273 4024 ab
1289 3955 1452 4025 indevotis

327 4061 421 4131 levor
447 4068 499 4130 est
523 4061 638 4132 merito
663 4062 925 4149 subtrahendus,
943 4066 1103 4154 privando
1118 4067 1193 4136 illos
1210 4088 1252 4135 ex
1269 4063 1453 4136 huiusmodi

327 4169 468 4256 clericis,
487 4190 570 4256 quos
586 4171 771 4258 indevotos,
789 4175 937 4260 ingratos
955 4184 987 4242 et
1002 4175 1230 4244 inobedientes
1246 4175 1280 4242 in
1297 4175 1372 4260 biis,
1393 4192 1453 4262 qus

326 4286 478 4368 spectare
493 4279 619 4348 rideris
635 4283 679 4350 cd
694 4280 881 4354 huiusmodi
897 4283 1075 4371 legationis
1101 4285 1253 4372 officium,
1280 4285 1397 4354 sorscn
1413 4289 1454 4350 lu·

326 4388 470 4472 seueris,
486 4387 637 4458 omnibus
653 4391 772 4476 gratiis
788 4392 871 4478 ipsis
898 4394 941 4463 ab
968 4395 1085 4462 eadem
1111 4393 1191 4462 sede
1215 4393 1386 4464 concessio
1397 4444 1406 4478 ,
1423 4396 1455 4459 ut

328 4516 387 4588 per
403 4498 531 4569 littores
548 4519 647 4587 super
661 4501 726 4570 bcc
743 4501 787 4570 sd
804 4523 860 4572 eos
887 4505 1039 4574 obtentas
1049 4555 1058 4592 ,
1084 4506 1298 4590 aliquetenus
1324 4507 1454 4574 minime
1541 4517 1542 4568 t

328 4597 549 4696 procedetur,
577 4615 771 4682 executores
796 4611 888 4696 ipsos
914 4613 959 4684 ed
984 4613 1037 4700 id,
1063 4613 1092 4684 si
1121 4634 1259 4684 necesse
1276 4615 1386 4698 fucrit,
1402 4634 1458 4706 per
1541 4571 1542 4662 l
