3142 5164
501 389 512 406 .
609 345 725 446 -¹.⁸.1

121 535 275 606 Ecclesie
300 537 407 609 Eleeti
423 539 498 609 aule
514 547 628 610 nostre
654 543 950 632 Vise-Gancellarij
966 541 1079 612 dilecti
1095 551 1128 613 et
1143 543 1251 618 fidelis

119 649 234 734 nostri,
261 669 348 718 anno
364 648 498 720 Domini
513 653 575 720 bl⁰.
595 651 674 724 00⁰.
692 657 936 741 septuagesimo
952 673 1047 740 nono,
1065 653 1171 738 Regni
1186 677 1248 725 au-

119 761 186 824 tem
202 759 308 828 nostri
323 777 412 828 annu
427 759 483 830 Vl

116 952 181 1025 (ΠΙ.
191 953 310 1015 Andria
325 955 470 1015 trel-diii
481 954 656 1030 megsrb'rltd
671 956 824 1032 leveldbdl,
845 961 981 1033 melynek
1003 959 1143 1035 credetiJc
1168 979 1247 1036 meg-

334 1064 394 1106 usu
405 1048 485 1108 ans
498 1047 585 1108 viros
595 1049 809 1110 leudltdrdbsn.
821 1050 905 1108 limbi
914 1053 1037 1122 Kdrolp.)

644 1898 720 1965 11⁰.

110 2095 132 2158 1
140 2095 174 2160 V.
193 2091 308 2158 Loszlo
324 2093 432 2180 kirolp
447 2093 576 2160 Latibor
592 2098 623 2158 ds
641 2095 722 2180 fiai,
740 2095 1082 2183 turo'ozijobbdppliuk,
1097 2118 1114 2159 s
1127 2095 1243 2162 Dems-

151 2213 201 2268 ter
216 2203 320 2268 aurosi
327 2199 466 2289 fdu'apu'ra
481 2203 552 2268 lciizt
567 2203 691 2268 Kurtus
706 2205 787 2267 nevil
795 2201 925 2289 fo'ldrb'l
941 2205 1082 2270 haldrus.
1105 2203 1203 2271 1279.

222 2397 414 2486 Ladynlaus
440 2399 502 2466 Dei
527 2397 639 2486 gracia
665 2399 852 2484 Hungarie,
878 2401 1070 2486 Dalmucie‚
1095 2397 1242 2486 Groacie,

107 2512 234 2592 Reme,
251 2507 385 2592 Seruis,
403 2502 546 2576 Gallicis
556 2558 565 2592 ,
583 2508 777 2578 Lodomeric
787 2558 796 2593 ,
814 2507 993 2592 cumanis,
1019 2505 1240 2594 Bulgariequc

107 2619 185 2686 Rex
202 2615 355 2684 omnibus
372 2615 495 2684 Christi
511 2615 660 2686 fidelibus
685 2625 871 2703 presentem
888 2619 1045 2706 paginam
1070 2617 1236 2702 inspectu·

106 2725 157 2794 ris
185 2725 329 2791 salutem
355 2721 387 2787 in
412 2723 555 2792 Domino
582 2725 824 2812 sempiternam.
842 2725 894 2794 Ad
911 2728 1134 2794 uniuersorum
1149 2723 1239 2791 noti-

106 2835 197 2901 ciam
213 2839 327 2899 tenore
352 2833 559 2918 presencium
586 2836 733 2900 volumus
750 2833 931 2917 peruenire,
948 2835 1122 2918 quodcum
1138 2833 1238 2918 Lacy-

106 2945 173 3010 bor
190 2944 227 3008 et
243 2937 303 3024 lllij
322 2936 384 3025 sui,
402 2938 461 3024 lilij
474 2939 692 3026 J'obagionum
709 2948 894 3009 nostrorum
912 2941 955 3009 de
970 2940 1239 3028 Torucb,Deme-

106 3053 209 3118 trium
226 3047 387 3117 Comitem
403 3045 444 3113 de
461 3047 565 3117 Sarus
582 3047 713 3116 fidelem
730 3057 876 3117 nostrum
893 3067 992 3137 super
1008 3058 1097 3118 terra
1112 3049 1236 3116 Kurtus

105 3163 204 3228 iuxta
230 3157 355 3226 Kurtus
380 3156 550 3225 adiacenti
566 3159 598 3226 in
615 3159 782 3227 comitatu
798 3159 1041 3245 Neugradiensi
1057 3157 1234 3244 expetenti,

105 3289 207 3354 qnam
220 3266 325 3333 eidem
336 3263 455 3332 Domiti
465 3262 633 3333 Demetrio
644 3263 686 3332 ob
702 3266 822 3335 merita
832 3265 1186 3334 seruiciorumsuorum
1201 3263 1237 3330 in

104 3375 260 3444 omnibus
285 3373 557 3461 expeditionibus
582 3375 688 3457 Regni
703 3374 807 3442 nostri
823 3375 1035 3460 inpensorum
1052 3371 1235 3440 contulera-

104 3501 190 3567 mus,
208 3483 243 3548 in
254 3499 389 3549 causam
401 3487 612 3567 euocassent,
628 3483 749 3568 etipsa
764 3501 868 3550 cansa
883 3480 1101 3550 ccramnobiu
1117 3479 1233 3549 luisset

102 3591 285 3675 ventilata,
312 3589 445 3657 tandem
462 3590 541 3672 quia
555 3589 679 3657 dietam
695 3591 913 3658 collacionem
929 3597 1076 3660 nestram
1093 3589 1158 3677 ipsi
1173 3586 1235 3656 Oc-

101 3701 177 3768 miti
194 3698 365 3766 Demetrio
382 3700 414 3765 iu
431 3702 776 3786 recompensacionem
793 3701 1006 3768 seruiclorum
1032 3719 1165 3767 suorum
1187 3698 1235 3766 ia-

100 3817 190 3876 ctam
208 3807 310 3874 luisse
326 3807 541 3892 conperimus,
559 3827 621 3894 que
638 3808 699 3875 sub
711 3815 823 3876 castro
834 3813 945 3876 nostro
954 3807 1133 3895 lauriensi,
1145 3805 1233 3893 quod

99 3937 166 4005 per
190 3915 318 4002 Regem
346 3913 539 3982 Boemorum
551 3966 560 4001 ,
586 3915 752 3983 inimicum
776 3911 923 3984 nostrum
940 3922 973 3983 et
988 3921 1233 4002 persecutorem

97 4026 213 4112 Regni
229 4022 344 4108 nostrl,
371 4029 468 4110 rupta
483 4041 566 4109 pace
583 4033 617 4092 et
633 4025 763 4093 uinculo
780 4033 970 4109 treugarum
987 4024 1161 4112 dissoluto,
1178 4043 1233 4092 oc·

99 4141 263 4220 eupolum
278 4133 396 4217 iuerat,
412 4131 448 4199 in
464 4134 718 4218 expugnacionc
735 4133 882 4202 eiusdem
907 4133 1009 4202 castri
1023 4131 1233 4220 inpenderat,

96 4262 165 4310 nec
180 4258 250 4308 non
266 4239 343 4328 alijs
356 4239 557 4323 quibuslibet
572 4241 666 4327 locis,
684 4237 748 4328 (ct)
760 4242 961 4327 temporibus
979 4241 1158 4328 oportunis,
1175 4241 1234 4307 ha·

96 4351 176 4418 bita
192 4347 440 4418 deliberacione
457 4347 607 4436 diligenti
624 4371 736 4419 coram
752 4349 904 4419 omnibus
922 4349 1108 4420 Beronibus
1126 4359 1158 4416 et
1173 4369 1230 4418 no·

95 4459 229 4526 bilibus
255 4455 363 4541 Regni
387 4455 491 4523 nostrl
501 4507 510 4542 ‚
539 4459 595 4542 qui
611 4457 657 4527 ud
674 4459 970 4544 congregacionem
985 4463 1132 4528 nostram
1150 4476 1230 4524 cun-

95 4571 289 4648 uencrant,
307 4582 406 4649 quam
423 4583 509 4634 aneo
525 4563 657 4633 Domini
672 4567 724 4632 Μο
739 4567 962 4636 ducentesimo
979 4561 1225 4653 septuagesimo

92 4693 198 4764 nouo,
225 4673 385 4746 vicesimo
410 4673 556 4750 secundo
574 4673 629 4750 die
643 4675 757 4748 Sancti
781 4673 945 4747 iohannis
972 4675 1123 4764 Baptislc
1153 4691 1226 4751 oum
