3142 5164
622 347 782 450 *aer—

134 550 238 618 vellet
254 566 423 628 rerooare,
447 552 481 614 et
496 546 580 632 ipsis
595 545 845 632 possessoribus
861 547 1042 632 Probetrop
1059 553 1093 613 et
1109 544 1144 614 iu
1160 547 1262 616 Seou-

133 659 227 742 berk‚
245 675 309 741 que
325 657 390 725 eibi
405 654 601 743 pertinebat,
619 655 653 721 in
668 653 793 722 irritum
810 674 946 723 eausam
970 655 1095 723 vellent
1110 655 1262 742 inuitare,

131 766 326 834 facultatem
343 785 409 833 non
424 765 572 834 habeant
587 764 757 832 inuitandi.
769 763 889 834 Testes
905 770 1016 830 autem
1028 764 1143 831 Oomes
1154 763 1261 832 Wast-

133 874 270 957 modus,
298 873 414 942 Comes
431 872 624 941 Herbordus
634 923 644 956 ‚
662 873 780 940 (lomes
797 872 980 957 Wiurious,
1007 871 1126 941 Comes
1143 873 1261 939 Petrus

134 985 176 1052 de
192 981 315 1070 Dalia;
339 983 475 1070 insuper
500 983 649 1050 seniores
666 983 708 1050 de
726 990 834 1050 oestro
851 985 931 1064 Sos,
958 1003 1058 1070 super
1073 1001 1112 1050 oo
1127 1001 1262 1070 presen-

134 1100 185 1160 tes
200 1092 331 1159 litteras
348 1089 458 1176 sigillo
476 1091 598 1158 oiuium
614 1091 658 1158 de
675 1090 803 1159 (libiuio
819 1078 957 1160 fecimus
974 1091 1152 1160 munimine
1167 1090 1260 1159 robo-

132 1199 211 1270 rari.
236 1202 360 1268 Datum
377 1220 466 1268 anno
482 1201 617 1270 Domini
632 1199 912 1270 M⁰OO⁰LXXX⁰.

169 1412 313 1487 (Tentseh
326 1411 357 1470 ds
370 1413 544 1486 Firnhaber,
554 1413 798 1472 {Jrkundenbnolr
811 1433 863 1472 nur
875 1412 982 1472 (ieseh.
995 1413 1226 1486 Siebenbdrgeus

480 1552 485 1562 .
610 1503 787 1576 1.k.1·21.1)

661 2403 732 2470 141.

127 2616 187 2682 IV.
206 2617 326 2682 Losztct
339 2616 446 2704 kirtly
469 2619 647 2704 megerdsiti
661 2641 683 2682 o
698 2620 869 2707 oeezprdmi
893 2619 1114 2706 koiptalaauolr
1121 2671 1131 2702 ,
1159 2643 1180 2685 a
1197 2621 1256 2686 Pe-

124 2723 205 2790 etati
220 2725 362 2791 aemeoek
378 2726 545 2792 birdokdra
560 2729 653 2792 meave
669 2726 723 2794 Sa.
741 2725 807 2792 dol
823 2725 1005 2815 talyedpbeu
1022 2737 1131 2794 turtott
1147 2728 1256 2795 tatae-

561 2837 705 2922 jdrdedt.
730 2835 828 2900 1281.

238 3041 446 3134 (L)adinlans
461 3047 524 3114 Dei
550 3049 665 3135 gracia
681 3051 870 3137 Hungarie,
891 3050 1061 3118 Dalmaeie
1072 3101 1081 3134 ‚
1107 3051 1255 3134 Oroaeie,

127 3159 244 3241 Reme,
268 3157 404 3242 Seruie,
430 3156 581 3245 deiide,
597 3157 812 3245 Lodomerie,
839 3160 1018 3240 Cumauie,
1035 3162 1256 3247 Balgarieque

126 3267 200 3332 Rex
216 3264 368 3332 omuibus
385 3263 506 3333 Christi
531 3263 681 3335 fidelibus
708 3286 846 3351 presens
868 3268 1028 3348 seriptum
1054 3269 1255 3356 inspecturis

126 3374 269 3441 salutem
286 3374 320 3439 in
337 3374 457 3440 salutis
473 3374 643 3460 largitore.
661 3375 704 3442 Vt
721 3396 771 3459 ea,
789 3377 903 3460 quein
921 3383 1070 3464 tempore
1087 3387 1252 3466 geruntur,

125 3502 169 3550 ne
185 3503 246 3570 per
263 3482 416 3548 labentia
432 3489 615 3566 temporum
632 3485 749 3571 spaeia
765 3481 908 3551 defluant
924 3493 958 3552 et
976 3487 1139 3570 labantur,
1160 3488 1252 3554 litte-

126 3607 238 3657 rarum
256 3591 368 3657 solent
384 3591 570 3676 patrocinio
588 3592 791 3660 communiri.
809 3593 952 3661 Proinde
967 3594 1011 3661 ad
1027 3595 1253 3663 uniuersorum

126 3699 286 3766 noticiam
312 3699 429 3764 harum
455 3698 540 3766 serie
566 3701 714 3766 volumus
732 3701 924 3786 peruenire,
952 3701 1037 3786 quod
1055 3702 1253 3772 aecedentes

126 3807 173 3874 ad
189 3812 335 3874 nostram
361 3806 568 3892 presenoiem
583 3808 604 3876 J
608 3807 730 3874 aoobus
755 3815 788 3873 et
804 3808 958 3895 Grysgon
985 3810 1115 3878 nobiles
1135 3813 1178 3880 de
1193 3813 1252 3880 Pe·

128 3916 215 4001 ehel,
231 3915 420 3999 retulerunt,
438 3923 472 3982 ut
489 3923 611 3982 terram
628 3916 841 3983 ducentorum
857 3917 1016 4002 iugerum,
1033 3924 1066 3985 et
1083 3918 1253 3988 dimidium

127 4023 353 4090 molendinum
378 4023 525 4108 ipsorum
552 4043 625 4089 oum
650 4031 740 4090 terra
765 4025 985 4092 eauiferorum
1011 4034 1193 4094 nostrorum
1211 4030 1253 4096 de

126 4133 209 4200 villa
226 4129 337 4197 Sauoti
355 4130 444 4198 (iuli
460 4133 586 4199 mixtim
614 4140 647 4200 et
663 4135 874 4202 communiter
890 4134 1061 4221 haberent,
1078 4144 1112 4204 et
1127 4141 1251 4223 petiue-

134 4255 206 4307 rnnt
224 4261 244 4306 a
262 4239 356 4306 nobie
367 4289 377 4324 ,
405 4247 439 4304 vt
454 4237 619 4308 bominem
635 4247 782 4310 nostrum
799 4243 962 4329 ydoneum
980 4263 1050 4312 oum
1069 4247 1252 4314 testimonio

129 4349 278 4435 Capituli
294 4348 549 4434 vesprimiensis
575 4351 794 4433 mitteremus,
821 4352 908 4436 quod
935 4353 1056 4419 dietam
1082 4361 1203 4421 terram
1221 4364 1253 4423 et

127 4459 237 4542 ipsum
253 4457 477 4523 molendinum
503 4458 715 4545 distingeudo
733 4468 766 4526 et
782 4461 971 4548 separando
995 4481 1016 4527 a
1032 4470 1119 4528 terra
1135 4482 1251 4530 eorun-

129 4565 204 4634 dem
222 4564 441 4634 euniferorum
458 4571 641 4635 nostrorum
655 4617 665 4654 ,
681 4567 764 4654 ipsis
781 4573 944 4635 statueret
959 4576 993 4634 et
1009 4571 1207 4654 assignaret,
1223 4570 1250 4637 si

129 4695 193 4742 non
210 4675 306 4742 lieret
322 4674 443 4757 aliquis
469 4675 702 4746 eontradiotor.
725 4675 796 4748 Nos
812 4675 924 4762 itaque
940 4676 984 4743 ad
1006 4675 1204 4744 instaueiam
1220 4683 1253 4747 et
