3116 5166
596 331 756 436 231..

102 533 195 620 dem,
222 553 318 619 quam
346 533 379 600 in
403 528 586 618 provinciis
612 531 804 600 memoratis
833 530 917 600 inter
943 533 1190 603 ecelesiasticos
1211 541 1244 602 et

101 642 286 711 mundanos
303 641 414 726 viros,
433 645 467 706 et
485 639 658 709 universos
675 637 761 708 alios
780 639 1018 726 ouiusoumque
1035 641 1243 730 conditionis,

102 751 321 838 preminentia
337 747 409 816 sive
424 751 542 833 status,
553 765 653 830 agere
664 745 799 815 studeat
810 753 842 816 et
865 751 1021 835 tractare,
1038 769 1102 834 que
1112 747 1154 818 ad
1173 753 1243 819 eul-

101 866 170 926 tum
187 859 271 944 Dei,
287 855 477 944 Apostoliee
504 852 602 922 Sedis
617 853 796 941 honorem,
822 855 1067 926 observantiam
1085 859 1244 927 anouioe

101 967 294 1047 sanationis,
311 962 599 1046 reintegrationem
616 962 843 1031 eoelesiastioe
873 963 1049 1049 libertatis,
1066 967 1166 1037 robur
1175 972 1241 1036 sta·

101 1081 154 1142 tus
170 1074 275 1160 Regii,
293 1072 474 1140 honestatis
492 1069 623 1154 cultum,
650 1069 924 1139 reformationem
940 1074 1045 1161 paois,
1062 1073 1241 1144 relevatio·

100 1199 177 1248 nem
191 1199 385 1267 pauperum,
411 1199 450 1248 ao
467 1178 651 1246 animarum
668 1179 807 1246 salutem
825 1187 857 1247 et
874 1181 1151 1266 tranquillitatem
1169 1203 1240 1252 eor·

102 1309 219 1376 porum
244 1287 465 1376 pertinebunt.
494 1286 658 1366 Quooiroa
683 1287 900 1356 serenitatem
927 1289 1066 1374 Regiam
1081 1310 1240 1376 rogamus

97 1403 134 1478 ¹et
150 1397 368 1466 obsecramus
383 1396 417 1462 in
435 1395 567 1464 domino
583 1395 665 1464 Jesu
682 1395 823 1482 Christo,
836 1400 997 1480 quatenns
1007 1387 1147 1466 eundern
1159 1399 1237 1484 Epi·

100 1523 261 1592 neopum,
289 1525 385 1589 quern
410 1525 470 1591 pro
496 1523 630 1572 suarum
655 1503 809 1573 virtutum
834 1503 990 1588 insigniis
1005 1505 1133 1574 interne
1150 1526 1236 1576 aom-

101 1613 278 1698 pleetinrur
288 1612 424 1680 brachio
436 1611 596 1698 caritatis,
606 1611 705 1681 irnmo
721 1613 831 1698 potius
846 1631 1024 1700 personam
1039 1623 1186 1682 nostram
1201 1615 1237 1682 in

99 1721 185 1808 ipso,
201 1742 274 1790 eum
289 1721 367 1788 illue
387 1720 460 1787 Deo
479 1717 562 1788 duee
577 1721 776 1806 pervenerit,
792 1721 933 1806 benigne
951 1721 1115 1807 recipiens
1132 1727 1166 1789 et
1180 1721 1236 1806 bo-

98 1837 195 1897 neate
211 1835 428 1916 pertractans,
446 1826 511 1896 sibi
527 1833 695 1912 tamquam
712 1828 905 1916 Apostoliee
921 1829 1020 1898 Sedis
1036 1827 1162 1916 Legata
1177 1848 1237 1915 pro

100 1937 207 2024 ipsius
223 1933 313 2004 sedis
330 1941 364 2004 at
381 1942 497 2004 nostra
512 1935 700 2003 reverentia
724 1943 757 2004 te
774 1937 956 2006 eonstituas
970 1937 1074 2006 verbo
1103 1938 1236 2005 benivo-

97 2048 180 2128 lum,
196 2049 231 2110 et
244 2044 340 2114 vultu
356 2061 507 2110 serenum
524 2041 594 2110 eius
617 2043 807 2112 salubribus
823 2045 957 2118 monitis
973 2051 1007 2114 et
1022 2045 1180 2131 oonsiliis‚
1197 2062 1237 2112 ao

99 2155 177 2238 biis,
194 2171 258 2236 que
282 2152 344 2220 tibi
368 2171 410 2220 ex
433 2160 528 2238 parte
553 2158 670 2220 nostra
684 2149 846 2238 suaserit3
872 2154 920 2220 ita
936 2151 1114 2222 ebioaeiter
1129 2154 1236 2222 inten-

99 2258 223 2342 dendo,
240 2261 329 2344 quod
344 2261 532 2348 Episeopus
548 2259 621 2345 ipse
631 2259 736 2346 Regio
746 2259 848 2328 fultus
859 2259 985 2330 auxilio
996 2262 1029 2328 in
1041 2262 1236 2346 exequenda

98 2368 325 2438 sollieitudine
351 2368 530 2454 legationis
555 2369 585 2436 ai
612 2368 736 2436 eredita
762 2369 868 2455 possit
893 2387 967 2436 oum
991 2368 1157 2438 adiutorio
1171 2368 1236 2436 Dei

98 2477 293 2564 prosperari
309 2475 449 2561 lucilius,
466 2495 594 2562 nosque
616 2483 705 2546 tuam
722 2475 959 2546 Oelsitudinem
975 2476 1086 2560 dignis
1101 2475 1234 2544 laudum

96 2585 268 2673 preconiis
294 2585 432 2670 proinde
457 2587 573 2652 merito
598 2587 788 2654 attolamus.
810 2587 932 2652 Datum
947 2583 1086 2654 Viterbii
1101 2584 1144 2652 X.
1161 2585 1233 2654 Ka·

95 2693 219 2762 landas
235 2689 400 2762 Ontobrie.
416 2690 630 2760 Pontiboatus
645 2692 751 2763 nostri
767 2709 855 2761 anno
870 2691 986 2778 primo.

216 2887 279 2962 (111.
293 2886 402 2944 blilrlbs
413 2883 492 2961 pdpa
503 2885 704 2962 Regeatdibdl,
715 2886 845 2946 Thainat-
857 2887 895 2944 id.
908 2905 945 2944 m.
958 2886 981 2943 1.
992 2885 1021 2944 k.
1033 2887 1096 2944 329.
1108 2885 1143 2961 l.)
