3142 5170
901 1010 986 1076 206.

386 1226 447 1292 IV.
464 1226 583 1291 Mittor
592 1229 686 1313 ptipa
700 1224 910 1312 mepbopydsa
924 1226 1078 1290 Ludoordr·
1092 1227 1272 1309 esztcrpoutr'
1286 1223 1431 1289 draekbez
1447 1222 1500 1284 Er·

385 1335 481 1400 zotto
491 1355 623 1420 mappas·
637 1332 787 1420 loiretlyod
794 1333 965 1418 fopecipbdl
974 1331 1184 1397 szododuldea
1200 1333 1389 1418 tctrqydbon.
1409 1331 1497 1394 128⁸.

490 1549 645 1616 Nicotaus
670 1550 854 1635 Episcopus
885 1569 999 1616 serulus
1031 1569 1198 1617 seruorum
1224 1549 1286 1614 Dei
1319 1545 1497 1613 venerabili

383 1655 477 1724 fratri
494 1705 501 1720 .
519 1705 526 1720 .
544 1705 551 1720 .
568 1657 823 1743 Archiepiscopu
841 1657 1057 1742 strigoniensi
1074 1661 1212 1725 salutem
1230 1665 1264 1723 et
1275 1656 1497 1742 Apostolicam

382 1765 655 1834 benedictionem.
681 1766 813 1833 Dudum
841 1767 986 1832 Romana
1012 1767 1161 1834 Ecclesia
1186 1785 1243 1852 per
1259 1765 1381 1832 obitum
1401 1763 1499 1828 telleia

382 1875 620 1944 recordationis
637 1875 772 1942 Honorii
799 1895 886 1960 pape
902 1877 957 1940 IV.
975 1875 1217 1961 predecessoris
1234 1873 1333 1939 nostri
1350 1879 1499 1952 vacante,

383 1982 565 2069 Collegium
589 1984 810 2052 (lardinalium
837 1985 940 2070 ipsius
968 1985 1137 2064 Ecclesia,
1158 1984 1200 2050 de
1217 2001 1351 2066 quorum
1368 1999 1499 2048 numero

383 2099 461 2160 tunc
486 2113 635 2178 eramus,
661 2093 720 2162 tibi
736 2094 895 2176 quasdem
914 2095 1041 2159 litteras
1067 2092 1263 2174 destinavit,
1289 2093 1373 2156 inter
1392 2095 1498 2155 cetera

382 2202 597 2284 continentes,
616 2203 758 2287 qualiter
774 2202 879 2270 dietus
896 2201 1113 2286 predecessor
1138 2221 1218 2267 suas
1235 2200 1295 2264 tibi
1310 2200 1497 2283 dirigendas

381 2309 511 2378 litteras
528 2309 641 2378 confici
657 2311 781 2378 fecerat
796 2318 829 2374 et
844 2313 979 2390 bullari;
1001 2311 1060 2377 sed
1080 2330 1119 2378 eo
1137 2319 1241 2377 morte
1256 2319 1431 2394 prevento,
1449 2326 1497 2369 ea-

380 2438 449 2484 rum
474 2440 537 2487 non
563 2417 662 2488 tuerit
688 2419 801 2486 missio
830 2421 1015 2485 subsecuta.
1036 2419 1272 2485 continebatur
1287 2425 1403 2484 autem
1419 2417 1497 2482 iuter

380 2527 449 2594 alia
464 2529 498 2594 in
513 2528 617 2614 ipsius
634 2527 878 2613 predecessoris
895 2529 1011 2596 litteris
1027 2525 1244 2612 supradictis,
1264 2527 1350 2611 quod
1370 2521 1497 2594 carissi-
1554 2565 1555 2575 ι

379 2655 450 2703 mus
466 2633 551 2702 tilius
567 2643 678 2703 noster
694 2637 731 2702 L.
748 2638 817 2705 Rex
833 2633 981 2722 U‘ugarie
1007 2637 1148 2704 Illustris
1164 2635 1261 2718 quasi
1277 2635 1443 2702 alienatus
1460 2631 1498 2698 ab
1553 2649 1554 2659 ³

379 2749 469 2810 utero
485 2744 600 2810 Matris
615 2745 775 2828 Ecclesie,
793 2745 826 2810 in
842 2743 946 2828 ipsius
962 2767 1026 2812 uon
1052 2763 1220 2828 expavens
1237 2743 1433 2826 delinquere
1449 2763 1496 2808 sa·
1551 2821 1552 2825 Ἰ

380 2860 589 2937 uramentum,
606 2873 627 2918 a
644 2854 814 2920 carissima
829 2854 863 2918 in
880 2853 1010 2921 Obristo
1027 2853 1093 2920 fllia
1112 2861 1226 2918 nostra
1242 2855 1277 2918 E.
1295 2853 1424 2935 Regina
1435 2851 1497 2917 Un-

378 2961 472 3044 gerlo
496 2961 619 3028 Illustri
634 2969 785 3028 consorte
801 2981 881 3047 sua,
907 2983 971 3031 non
998 2963 1070 3030 sine
1096 2961 1282 3046 coniugalis
1308 2960 1396 3026 thori
1422 2958 1496 3025 teda

378 3068 556 3138 violatione
574 3070 750 3153 divertens,
761 3090 824 3136 non
841 3073 946 3139 solum
965 3070 1150 3139 infidelibus
1167 3091 1203 3136 se
1220 3071 1388 3158 copulavit
1404 3069 1496 3134 muli-

377 3175 486 3244 eribus
503 3177 720 3263 impudauter,
736 3197 848 3244 verum
870 3181 979 3264 etiam,
1006 3185 1040 3245 ut
1066 3180 1203 3246 liberius
1220 3199 1258 3248 se
1273 3177 1403 3246 sedaret
1420 3196 1492 3242 cunr

376 3283 455 3370 illis,
471 3284 591 3353 dictam
607 3287 765 3371 Reginam
783 3289 906 3353 carceri
933 3289 1154 3375 mancipavit,
1180 3290 1213 3354 iu
1239 3307 1303 3371 quo
1328 3288 1496 3356 subtracto

376 3391 440 3460 sibi
455 3394 543 3460 omui
559 3393 785 3462 subventionis
801 3395 935 3476 auxilio,
953 3393 1039 3462 idem
1055 3397 1126 3462 Rex
1142 3397 1289 3465 eiusdem
1301 3397 1428 3480 Regine
1439 3415 1494 3462 no·
1543 3401 1545 3493 J

375 3502 527 3583 bilitatis‚
538 3521 634 3587 quum
651 3523 692 3568 ex
702 3504 820 3586 Regali
836 3505 937 3571 traxit
952 3505 1117 3590 prosapia,
1130 3506 1395 3574 consideratione
1405 3511 1495 3589 post·
1542 3549 1543 3575 ι

375 3611 494 3697 positu,
511 3612 617 3700 ipsam
634 3611 722 3679 tame
738 3633 778 3678 ac
795 3612 962 3696 nuditate,
991 3613 1168 3682 subtractis
1186 3615 1249 3681 sibi
1266 3613 1497 3679 nichilominus

375 3721 450 3788 aliis
467 3720 685 3803 necessariis,
701 3718 891 3806 affligebat,
910 3731 1043 3806 propter
1059 3723 1146 3806 quod
1163 3724 1254 3790 dieta
1270 3721 1396 3808 Regina
1411 3722 1498 3786 inter
1538 3765 1540 3825 A

373 3829 545 3914 angustias
562 3830 724 3896 maximas
742 3831 941 3914 constituta,
966 3832 1114 3899 lacrimis
1131 3832 1286 3915 irrigatur
1302 3829 1446 3898 assiduis
1466 3838 1496 3892 rt
1538 3837 1539 3909 l

374 3938 522 4026 suspiriis
548 3937 750 4022 fatigabatur
775 3939 907 4007 amoris.
936 3938 1031 4006 Unde
1057 3942 1203 4025 prefatus
1220 3941 1436 4024 predecessor
1452 3937 1496 4002 ad

372 4043 493 4115 dictam
510 4046 668 4131 Reginam
684 4044 811 4120 babens
828 4053 966 4129 paterne
990 4048 1231 4133 compassionis
1256 4045 1425 4126 affectum,
1455 4067 1496 4111 ao

371 4154 695 4240 propteruacupienr
707 4161 822 4240 optate
838 4153 1065 4239 respirationis
1082 4163 1114 4221 et
1125 4163 1282 4242 oportune
1299 4153 1495 4222 consolatio

371 4260 423 4327 nis
432 4262 496 4329 sibi
507 4263 677 4336 commodo
685 4281 877 4351 procurare,
887 4283 944 4346 ue,
961 4263 1050 4347 quod
1066 4265 1163 4346 absit,
1182 4265 1285 4351 ipsius
1302 4263 1496 4330 innocentia

371 4369 456 4436 iuter
466 4373 635 4454 squalores
652 4373 795 4440 carceris
811 4371 965 4439 deficeret
980 4374 1130 4458 fatigato,
1147 4380 1179 4437 te
1196 4380 1321 4438 attente
1338 4373 1491 4454 rogabaq

370 4477 495 4562 tibique
511 4480 613 4547 dabat
629 4501 687 4564 per
704 4483 812 4548 dictas
830 4483 957 4547 litteras
975 4483 1006 4546 iu
1023 4479 1206 4564 mandatis,
1225 4487 1260 4546 ut
1276 4479 1400 4546 sedulis
1417 4491 1494 4544 stn-

371 4587 468 4655 dercs
489 4590 617 4674 uigiliis
643 4591 785 4658 eundem
810 4591 970 4672 Reginam
998 4587 1038 4654 de
1055 4609 1187 4656 carcere
1201 4589 1334 4656 meroris
1351 4586 1493 4654 educere

371 4723 411 4776 ao
436 4701 606 4765 restituere
621 4701 766 4781 plenarie
782 4700 944 4784 libertati,
972 4699 1103 4781 sibique
1120 4699 1245 4764 faceres
1263 4699 1360 4764 etium
1376 4696 1491 4763 omnia
