3142 5164
612 399 769 502 „li-⁵..

128 604 202 682 ptcr
218 597 393 665 iuramenti
417 601 469 666 sui
484 600 712 668 remissionem
740 598 783 667 de
797 598 949 685 predicta
964 605 1053 666 terra
1077 597 1249 666 duodecim

128 715 310 775 aratrorum
327 707 453 776 remisit
468 715 500 775 et
516 710 648 792 reliquit
657 711 816 794 magistro
829 709 954 796 Ugrino
965 715 998 776 et
1014 710 1172 778 fratribus
1183 710 1252 780 suis

128 814 328 900 supradictis
344 817 512 900 quandam
531 817 730 906 particulam
755 825 841 888 terre
856 819 954 886 metis
971 817 1190 906 infrascriptis
1206 817 1251 886 di·

128 925 281 993 stinctam
296 933 429 1011 aparte
453 933 538 992 terre
561 925 737 994 eorundem
762 927 894 996 Gerend
919 932 1116 1015 nuncupate,
1136 935 1169 994 et
1194 947 1257 1011 que

130 1031 270 1117 quedam
285 1038 372 1098 terra
384 1034 516 1103 Gerend
532 1049 652 1102 uocata
668 1037 808 1103 filiorum
825 1033 967 1122 predicti
977 1037 1115 1104 Comitis
1125 1036 1255 1104 Baarch

130 1139 265 1206 aterris
292 1141 452 1225 sepedicti
479 1143 602 1210 domini
618 1143 778 1230 Episcopi
793 1144 837 1210 ad
860 1143 973 1212 villam
994 1145 1255 1232 Baratpyspulry

130 1248 832 1336 pertinentibus,nolentibus,conlioientibus
843 1260 877 1319 et
886 1252 1062 1320 efficaciter
1072 1250 1258 1338 approban-

130 1356 237 1442 tibus,
263 1357 316 1424 his
331 1359 428 1424 metis
446 1359 540 1424 nouis
557 1366 590 1427 et
606 1361 804 1443 quibusdam
820 1361 967 1448 antiquis
983 1359 1045 1427 hoc
1071 1361 1187 1428 ordine
1203 1381 1256 1428 se-

131 1471 286 1550 paratur,
313 1464 468 1534 uidelicet
493 1487 535 1532 cx
550 1469 683 1554 publica
700 1469 755 1534 nia
780 1489 801 1534 a
826 1467 909 1536 villa
933 1469 1196 1555 Baratpyspuky
1221 1468 1257 1536 in

128 1574 242 1640 uillam
258 1573 374 1642 Almas
391 1572 547 1643 directam
573 1597 595 1643 a
620 1584 715 1662 parte
740 1575 949 1644 meridionali
974 1581 1051 1644 sunt
1076 1581 1143 1644 tres
1169 1583 1256 1643 mete

131 1683 294 1767 capitales
311 1702 427 1766 magne
444 1688 478 1750 et
493 1683 636 1768 antique,
656 1703 739 1768 quas
755 1691 887 1770 propter
899 1685 949 1751 sni
967 1684 1137 1752 euidenter
1153 1703 1256 1772 appa·

129 1789 277 1856 renciam
287 1809 353 1856 non
369 1789 431 1856 luit
446 1811 584 1861 necesse
594 1791 755 1876 renouari,
766 1810 830 1875 que
841 1791 1042 1878 distinguunt
1052 1799 1086 1860 et
1097 1800 1257 1878 separant

128 1903 236 1964 terras
252 1896 415 1981 Bogomer
431 1897 563 1967 Gerend
580 1907 613 1968 et
623 1899 1119 1986 Baratpyspnkynuncupatas;
1137 1899 1257 1968 debinc

130 2003 236 2072 tendit
261 2024 375 2074 versus
402 2008 538 2094 plagam
555 2008 876 2092 septemtrionalem,
903 2009 959 2074 ubi
975 2009 1068 2075 iuxta
1093 2009 1258 2092 quandam

130 2113 300 2198 antiquam
316 2119 436 2182 metam
447 2123 560 2200 partes
571 2115 719 2202 predicte
731 2151 769 2162 -
785 2139 836 2202 —;
853 2114 974 2183 abhinc
986 2115 1092 2201 uergit
1108 2117 1259 2184 similiter

130 2240 249 2290 uersus
266 2221 535 2308 septemtrionem
552 2224 584 2290 in
601 2225 674 2291 loco
691 2223 865 2310 campestri
881 2223 1125 2309 incompetenti
1143 2224 1259 2310 spacio

132 2366 177 2379 —
194 2364 239 2376 -
254 2337 344 2397 meta
359 2351 466 2418 noue;
493 2329 611 2399 exinde
627 2331 733 2397 tendit
759 2329 910 2398 similiter
926 2332 971 2398 ad
992 2332 1259 2417 septemtrionem

132 2439 227 2506 iuxta
244 2439 364 2508 siluam
380 2437 513 2506 Gerend
528 2439 561 2504 in
579 2438 695 2525 spacio
721 2438 937 2526 longitudinis
959 2438 1143 2526 -jugeris
1159 2460 1200 2508 ac
1214 2473 1259 2488 -·

133 2549 177 2614 ab
194 2547 256 2616 illa
272 2547 359 2614 silua
374 2554 451 2613 sunt
467 2547 530 2614 due
546 2553 632 2614 mete
643 2565 748 2630 noue;
765 2545 886 2616 deinde
905 2547 1057 2616 similiter
1073 2547 1107 2613 in
1117 2553 1259 2632 septem-

131 2655 274 2723 trionem
289 2655 344 2723 obl
358 2689 404 2702 -
420 2675 457 2723 se
473 2655 517 2724 ab
533 2654 594 2725 illa
611 2655 697 2724 silua
713 2656 807 2723 iuxta
818 2655 982 2740 quendam
999 2655 1116 2724 collem
1132 2689 1177 2703 -
1192 2675 1260 2723 una

131 2771 223 2832 meta
237 2783 346 2850 nona;
370 2763 451 2832 item
468 2764 588 2832 exinde
602 2799 647 2813 -
662 2771 769 2833 terras
784 2765 929 2834 arabiles
942 2775 974 2832 et
991 2767 1141 2832 uenit-
1157 2799 1201 2814 -
1218 2765 1261 2832 si·

133 2873 246 2940 milem
264 2871 396 2956 teneto,
423 2872 481 2939 vbi
495 2872 555 2940 sub
572 2892 639 2940 una
663 2892 768 2960 parva
784 2873 856 2958 piro
877 2879 953 2940 sunt
969 2873 1034 2940 due
1050 2881 1137 2941 mete
1153 2893 1257 2960 noue;

132 2988 212 3068 post
227 2981 290 3047 beo
306 2981 425 3046 transit
441 2980 605 3064 quondam
621 2983 778 3068 paludem
794 3021 836 3031 -
853 2992 1017 3066 uocatam,
1034 2981 1068 3047 in
1086 2982 1179 3048 cuius
1196 3000 1260 3047 me·

133 3090 190 3158 dio
208 3095 286 3157 sunt
301 3088 454 3157 comunis
471 3095 504 3157 et
519 3093 610 3158 uenit
627 3091 668 3158 ad
686 3092 855 3174 quendam
875 3091 981 3158 locum
997 3125 1041 3136 -
1059 3089 1201 3158 similem
1216 3089 1261 3156 ie·

135 3207 237 3284 neto;
255 3197 407 3265 similiter
423 3216 540 3264 uersus
557 3198 823 3285 septemtrionem
840 3197 896 3264 ubi
912 3205 964 3263 est
980 3216 1047 3264 una
1062 3206 1151 3266 meta
1166 3217 1262 3278 noua,

135 3325 200 3390 que
217 3326 331 3375 omnes
347 3311 434 3373 mete
451 3325 536 3372 noue
552 3311 712 3390 separant
729 3307 832 3374 solum
843 3313 965 3372 terram
982 3305 1115 3374 Gerend
1133 3328 1154 3373 a
1171 3319 1261 3374 terra

134 3415 423 3502 Baratypyspulry
448 3419 643 3498 prenotata,
676 3413 797 3480 abhinc
822 3419 973 3500 proterea
999 3413 1106 3481 eciam
1132 3435 1263 3499 progre-

135 3523 234 3590 diens
254 3543 369 3591 uersus
385 3520 653 3608 septemtrionem
671 3521 778 3589 tendit
794 3523 995 3606 etpertingit
1011 3522 1163 3590 adfinem
1180 3522 1264 3592 silue

134 3631 272 3716 Ohaslo,
289 3631 347 3700 ubi
363 3629 633 3716 subsequendam
652 3664 749 3678 --
767 3638 852 3698 mete
869 3633 1004 3713 antique
1021 3651 1085 3714 que
1101 3631 1264 3699 distermi·
1322 3659 1324 3664 ·

134 3749 220 3807 nant
235 3745 269 3806 et
286 3740 493 3826 distinguunt
509 3739 550 3805 ab
562 3740 702 3805 inuicem
719 3749 826 3806 terras
844 3739 965 3822 Kener,
983 3739 1115 3823 choslo,
1133 3738 1266 3806 Gerend

134 3857 169 3916 et
183 3849 447 3934 Baratpyspuky
463 3855 679 3930 nuncupatas,
689 3855 722 3913 et
736 3847 828 3914 illino
845 3867 962 3916 cursus
972 3847 1193 3935 predictarum
1204 3866 1265 3913 me-

135 3965 247 4027 tarum
264 3959 467 4025 terminatur.
494 3959 532 4025 In
549 3957 640 4023 cuius
656 3957 704 4023 rei
721 3959 911 4024 memoriam
940 3965 974 4024 et
990 3959 1037 4023 rei
1054 3965 1148 4042 geste
1167 3957 1265 4023 robur

136 4069 376 4150 sempiternum
402 4072 576 4151 presentes
603 4065 824 4132 concessimus
841 4065 943 4151 sigilli
960 4065 1064 4133 nostri
1089 4065 1268 4133 munimine

138 4180 323 4246 roboratas.
340 4179 460 4244 Datum
478 4195 564 4243 anno
583 4173 717 4244 Domini
733 4175 792 4242 w.
809 4175 888 4245 00⁰.
906 4179 1133 4262 octuagesimo
1150 4173 1266 4262 primo,

134 4286 375 4356 feriasecunda
390 4286 542 4373 proxima
557 4293 633 4372 post
649 4285 768 4353 festum
779 4285 951 4355 Adventus
964 4287 1077 4354 Sancti
1092 4281 1266 4350 Michaelis

136 4395 351 4482 Archangeli,
380 4396 513 4464 domino
530 4398 631 4464 Botur
646 4395 832 4481 Proposito,
857 4393 1007 4460 Emerico
1033 4393 1187 4476 Lectorc,
1204 4390 1264 4458 Jo-

138 4506 252 4574 banne
268 4506 421 4590 cantore,
436 4503 619 4572 Benedioto
637 4503 783 4572 Custode
801 4502 971 4585 magistris
989 4497 1218 4567 existentibus.

138 4664 283 4736 (Teutsch
296 4661 329 4720 ds
340 4663 509 4735 l'irnhaber,
519 4661 758 4719 Urhundenbuch
771 4678 797 4718 a.
817 4657 924 4718 Gesch.
939 4657 1076 4716 Siebenb.
1086 4658 1107 4712 l.
1119 4658 1148 4714 k.
1163 4655 1267 4725 1221.)
