3116 5166
815 273 980 384 ΔΞ.

331 471 567 566 improvinciis
583 472 788 560 ,memoratu
819 469 905 540 inter
936 471 1180 542 ecclesiasticos
1212 479 1246 558 ot
1279 473 1464 560 mundanos

332 583 441 668 viror,
455 587 499 650 et
525 581 694 652 universos
725 581 809 650 alios
835 579 1064 664 cuiuscumque
1096 579 1313 668 conditionis,
1345 583 1464 669 premi·

334 690 445 782 nentia
469 689 539 776 siue
560 692 667 758 status
693 709 794 778 agere
817 689 955 760 studeat
979 697 1011 756 et
1031 692 1184 774 tractare,
1202 705 1268 774 que
1283 691 1327 758 ad
1343 692 1464 760 cultum

336 798 410 876 Dei.
435 795 627 886 Apostolioe
651 795 750 870 Sedis
765 797 933 886 bonorem,
950 799 1196 868 observantiam
1213 799 1375 868 canonice
1391 818 1463 866 sau·

333 901 476 992 etiams,
493 906 781 994 reintegrationem
808 906 1035 976 ecclesiastice
1050 905 1226 994 libertatis,
1243 909 1343 978 robur
1359 913 1462 978 status

336 1016 451 1104 Regii,
469 1014 653 1084 honestatis
670 1016 803 1103 cultum,
818 1015 1083 1084 reformationem
1099 1018 1212 1102 pacis,
1230 1017 1462 1088 relevationem

338 1143 528 1214 pauperum,
545 1143 586 1193 ac
597 1122 782 1192 animarum
799 1122 937 1194 salutem
954 1127 985 1191 et
1002 1126 1276 1210 tranquillitatem
1298 1145 1461 1212 corporum

338 1232 556 1322 pertinebunt
573 1229 734 1312 Quocirca
760 1232 1011 1302 universitatem
1027 1239 1171 1302 vestram
1188 1251 1342 1320 rogamus
1364 1241 1399 1302 et
1414 1235 1460 1302 ob·

340 1359 506 1412 sacramus
532 1340 567 1406 in
592 1337 724 1410 domino
749 1341 831 1410 Jesn
858 1338 1001 1425 Christo,
1018 1359 1102 1411 sano
1120 1343 1216 1412 vobis
1233 1342 1375 1412 consilio
1392 1361 1457 1410 sua·

340 1451 468 1536 dentes,
484 1455 644 1534 qnatenus
671 1450 820 1518 eumdem
837 1449 1049 1538 Episcopum,
1067 1469 1164 1536 quem
1180 1471 1239 1538 pro
1256 1469 1389 1518 suarum
1405 1452 1458 1518 rir-

340 1564 444 1628 tutam
460 1556 610 1644 insigniis
625 1557 754 1624 interne
771 1559 1016 1645 complectimur
1038 1559 1175 1628 brachio
1192 1560 1353 1646 caritatis,
1372 1559 1460 1627 immo

342 1670 451 1758 potius
466 1685 643 1756 personam
658 1673 803 1734 nostram
819 1666 854 1734 in
881 1666 964 1753 ipso,
982 1687 1054 1734 cnm
1070 1668 1148 1736 illuc
1164 1668 1236 1736 Deo
1254 1668 1337 1736 duce
1354 1687 1459 1754 perva-

341 1779 438 1864 nerit,
465 1776 608 1862 benigne
632 1774 831 1862 recipientes
857 1783 890 1843 et
915 1774 1092 1846 honorilice
1119 1781 1374 1864 pertractantes,
1401 1775 1455 1844 sibi

345 1896 513 1970 tamquam
528 1884 720 1969 Apostolice
745 1883 841 1952 Sedis
861 1885 989 1970 Legato
1007 1904 1065 1969 pro
1082 1883 1189 1972 ipsius
1205 1883 1295 1954 sedis
1312 1891 1346 1954 et
1360 1891 1461 1954 nostra

343 1993 530 2066 reverentia
545 1993 734 2074 intendatis,
761 1991 959 2078 efficaciter,
976 1995 1114 2078 eiusque
1139 1995 1327 2064 salubribus
1345 1993 1461 2062 monitis

346 2111 379 2172 ot
405 2102 552 2171 consiliis
563 2149 573 2184 ,
599 2101 634 2168 in
660 2101 723 2168 biis
749 2119 812 2186 que
838 2103 933 2171 uobis
951 2121 993 2170 ex
1009 2108 1102 2190 parte
1118 2111 1232 2172 nostra
1247 2093 1405 2187 retulerit,
1419 2101 1459 2167 sic

346 2211 560 2298 acquiescere
575 2210 747 2297 studeatis,
766 2212 855 2296 quud
871 2210 1002 2296 legatus
1017 2212 1091 2299 ipse
1107 2218 1216 2280 vestro
1233 2211 1335 2280 fultus
1351 2207 1460 2276 auxilio

346 2323 381 2390 in
407 2317 599 2405 exequenda
625 2318 848 2388 sollicitudine
874 2320 1054 2406 legationis
1080 2322 1109 2388 ci
1125 2318 1248 2387 credite
1272 2319 1381 2407 possit
1401 2335 1460 2383 eun

347 2427 510 2500 adiutorio
534 2425 599 2496 Dei
623 2426 813 2514 prosperari
837 2427 981 2512 facilius,
1010 2447 1138 2512 nosque
1160 2429 1348 2498 devotionis
1364 2429 1461 2494 verbe

348 2535 637 2628 promptitudinem
655 2536 886 2606 commendare
902 2537 1019 2604 merito
1035 2537 1216 2606 valeamus.
1234 2538 1355 2604 Datum
1371 2535 1460 2602 Vitor-

350 2648 397 2716 bii
411 2645 452 2714 X.
470 2643 643 2716 Kalendas
661 2643 824 2730 Octobris,
841 2645 1059 2716 Pontificatus
1076 2647 1180 2738 nostri
1196 2667 1283 2714 anno
1299 2647 1410 2733 primo.

453 2839 515 2913 (lll.
529 2840 634 2901 Milrlbs
647 2839 726 2916 pipa
739 2839 931 2914 Regasttiboi
944 2841 1072 2899 Theiner
1085 2843 1122 2898 id.
1136 2861 1172 2898 rn.
1187 2841 1209 2898 1.
1225 2843 1254 2901 lr.
1268 2843 1329 2899 329.
1342 2839 1371 2914 1.)
