3156 5158
121 1223 181 1290 IV.
206 1225 322 1292 Laeto
345 1228 454 1314 lcirdly
480 1227 708 1316 belybcnbaqjo
734 1233 960 1320 esmeqerb'sits'
974 1231 1105 1300 Sdador·
1119 1235 1245 1302 Macelo

121 1335 333 1422 incatenate,
349 1337 482 1423 melyacl
489 1345 591 1425 fcpva
606 1338 674 1404 roob
692 1339 854 1428 jdaquon‘t
869 1343 972 1428 aey'erc
987 1343 1127 1408 robdzzo
1153 1343 1244 1410 ctral.

635 1447 733 1514 1275.

229 1659 406 1730 Ladislaus
430 1661 494 1729 Dei
515 1663 631 1746 gracia
661 1665 848 1751 Huugarie,
875 1665 1065 1750 Dalmatia,
1098 1669 1245 1750 (troanie,

121 1769 244 1850 Rome,
261 1767 395 1854 Seruis,
412 1769 572 1856 Gallicie,
591 1773 806 1859 Lodomerie,
823 1773 982 1842 Oumauie
992 1826 1000 1860 ,
1027 1775 1245 1862 Bulgarieque

120 1879 194 1944 Rex
210 1879 359 1946 omnibus
376 1879 497 1947 Obristi
514 1882 687 1966 fidelibus,
705 1883 748 1950 ad
764 1903 846 1970 quos
863 1891 1033 1970 presentes
1048 1885 1158 1952 littere
1173 1905 1245 1972 per-

119 1986 282 2070 venerint,
306 1989 447 2054 salutem
464 1989 497 2054 in
524 1989 662 2058 Domino
688 1992 930 2077 sempiternam.
952 1991 1003 2058 Ad
1018 1993 1244 2086 uniuersorum

118 2094 277 2161 noticiam
301 2093 415 2162 barum
442 2097 528 2163 serie
552 2099 703 2166 volumus
728 2101 919 2186 pervenire,
943 2100 1031 2184 quod
1055 2101 1247 2170 Alexander

118 2203 243 2286 Bauus,
261 2203 379 2270 (lomes
394 2204 609 2272 Scibiuiensis
635 2213 668 2272 et
691 2203 733 2274 de
750 2207 892 2273 Dubulua
902 2257 911 2292 ,
928 2207 1067 2276 dilectus
1092 2215 1125 2276 et
1140 2208 1247 2276 fidelis

117 2317 244 2395 noster,
261 2311 411 2379 ultronea
427 2315 596 2380 voluntate
611 2314 644 2380 in
660 2323 775 2380 nostra
789 2315 966 2399 presencia
981 2317 1187 2402 constitutus,
1204 2317 1247 2384 de

115 2421 390 2505 possessionibus
405 2422 473 2488 suis
489 2442 683 2507 quocunqne
708 2424 840 2489 nomine
856 2431 1054 2492 censeantur
1075 2425 1137 2493 rite
1153 2431 1186 2490 et
1201 2427 1246 2492 le·

115 2528 238 2612 gitime
254 2531 405 2614 aquisitis
414 2582 423 2616 ,
451 2533 611 2616 quasdam
629 2531 728 2599 villas
752 2551 811 2598 seu
827 2534 1074 2619 possessiones,
1090 2532 1247 2601 videlicet

113 2638 279 2724 Ilsuaayg
295 2659 367 2705 cum
381 2641 502 2706 tributo
519 2647 553 2707 et
568 2640 643 2707 aliis
659 2639 849 2708 attinenciis
866 2640 944 2726 suis,
960 2641 1036 2707 item
1053 2639 1167 2709 villam
1183 2643 1246 2709 Ba-

112 2752 222 2831 gata,
247 2747 326 2813 item
352 2748 464 2814 villam
490 2749 612 2834 Meger,
630 2749 707 2815 item
723 2749 838 2817 villam
853 2750 1020 2834 Kerepes,
1038 2747 1114 2816 item
1129 2750 1246 2818 villam

112 2855 218 2922 Buda
233 2875 337 2942 prope
351 2855 518 2944 Zenbolm,
534 2857 612 2924 item
627 2859 739 2926 villam
761 2859 875 2927 Sancti
889 2857 1017 2942 Jacobi,
1034 2857 1139 2945 petita
1155 2879 1177 2926 a
1191 2879 1247 2926 no-

114 2963 172 3032 bis
190 2965 334 3032 licencia
350 2972 384 3032 et
408 2968 561 3052 obtenta,
590 2968 722 3035 domine
747 2968 840 3034 uxori
856 2987 915 3034 sue
931 2965 1071 3036 eontulit
1081 3017 1090 3051 ,
1108 2968 1248 3035 tradidit

111 3081 224 3158 atque
250 3073 364 3161 dedit,
389 3076 450 3142 tali
466 3075 657 3144 condicione
681 3077 882 3162 interjecta:
910 3079 996 3162 quod
1022 3077 1096 3163 ipsa
1115 3075 1247 3144 domina

109 3183 290 3270 predictas
306 3184 405 3252 villas
422 3205 480 3251 seu
495 3187 723 3271 possessiones
740 3205 813 3253 cum
829 3187 898 3252 suis
908 3186 1095 3253 attinenciis
1112 3191 1146 3251 et
1160 3185 1246 3254 utili·

109 3294 248 3360 tatibus
264 3293 411 3362 habendi
427 3300 459 3361 et
474 3295 668 3382 possidendi
693 3313 797 3379 usque
812 3295 933 3378 vitam,
950 3295 1027 3361 etsi
1055 3296 1140 3362 inter
1155 3292 1247 3360 vivos

109 3403 170 3469 vel
190 3401 227 3467 in
246 3403 363 3470 ultima
378 3403 547 3471 voluntate
563 3403 695 3472 easdem
710 3399 779 3470 filio
797 3423 856 3470 suo
872 3403 926 3471 uel
951 3401 1080 3470 filiabus
1097 3399 1166 3468 suis
1190 3406 1248 3470 aut

108 3511 263 3578 cuilibet
279 3531 320 3578 ex
337 3511 473 3598 eisdem,
489 3513 543 3580 vel
559 3513 665 3579 eciam
680 3533 740 3600 pro
756 3511 902 3578 remedio
917 3510 1024 3576 anime
1035 3529 1093 3578 sue
1103 3508 1247 3595 legendi,

105 3619 332 3704 relinquendi
357 3629 390 3686 et
416 3623 520 3688 eciam
547 3620 743 3707 disponendi
767 3619 904 3686 liberam
920 3618 1045 3685 habeat
1059 3617 1248 3685 facultatem

105 3751 176 3816 pro
195 3748 260 3796 suo
276 3727 368 3798 libito
384 3731 569 3796 voluntatis.
586 3729 691 3815 cnjus
707 3727 911 3796 ordinacioni
926 3733 959 3795 et
975 3725 1189 3812 dispositioni
1204 3726 1249 3796 ad

103 3839 272 3928 ejusdem
288 3839 558 3924 supplicationem
574 3857 746 3906 assensum
762 3837 898 3920 Regium
922 3833 1114 3921 prebuimus
1130 3842 1163 3903 et
1177 3855 1248 3922 pre-

102 3954 252 4019 bemus.
269 3947 308 4014 ln
324 3948 419 4034 eujus
433 3949 481 4016 rei
497 3947 689 4014 memoriam
706 3945 952 4028 firmitatemque
968 3951 1160 4032 perpetuam
1175 3965 1249 4032 pre-

101 4068 239 4130 sentes
255 4063 387 4125 nostras
404 4057 627 4125 concessimus
652 4055 792 4143 duplicis
817 4053 918 4138 sigilli
943 4054 1047 4120 nostri
1071 4053 1249 4124 munimine

97 4171 310 4239 roboratas.
329 4165 450 4232 Datum
465 4186 526 4253 per
541 4183 657 4231 manus
673 4161 820 4248 magistri
835 4161 1017 4242 Benedicti,
1034 4161 1155 4229 Sancte
1170 4161 1249 4230 Stri-

98 4277 297 4362 goniensis
321 4275 472 4342 Ecclesia
488 4273 604 4358 Electi,
622 4271 784 4359 Prepesiti
798 4271 981 4353 Budeusis,
998 4277 1032 4338 et
1047 4270 1123 4337 aule
1137 4277 1248 4336 nostre

96 4385 431 4468 vioe-cancellarii,
448 4382 564 4452 dilecti
579 4391 613 4452 et
627 4380 734 4449 fidelis
750 4379 862 4466 nostri,
878 4399 966 4446 anno
981 4377 1115 4448 Domini
1124 4371 1169 4444 bd
1180 4375 1251 4446 00⁰

92 4495 373 4582 septuagesimo
398 4495 530 4577 quinto,
547 4493 655 4575 Regni
670 4499 780 4572 autem
794 4489 900 4556 nostri
916 4509 1003 4556 anno
1017 4485 1128 4555 tercio.
1145 4485 1250 4552 Vene-

90 4605 285 4676 rabilibus
299 4602 450 4689 patribus
465 4601 634 4688 Stephano
648 4599 823 4668 'Oolocensi
843 4606 877 4666 et
891 4597 1042 4667 lobanne
1058 4593 1249 4680 Spalatensi

91 4711 409 4800 Archiepiscopis,
425 4711 600 4797 Lamperto
616 4709 780 4796 Agriensi,
796 4707 924 4775 briccio
935 4701 1169 4786 Gbanadicnsi,
1184 4699 1248 4766 Job

1037 4810 1060 4876 4
1069 4805 1088 4843 ῡ
