3116 5166
594 319 751 422 —ou-

109 516 225 588 uodom
241 517 329 584 heroi
345 517 514 604 paululum
539 517 781 607 progrediendo
800 537 916 588 uersus
932 519 1156 601 oooidentsm,
1173 517 1233 586 sub

107 627 195 712 ylioe
211 632 398 713 summoto,
415 633 448 693 et
463 633 553 695 tenet
567 636 674 698 metus
690 626 931 712 comportetis
947 617 988 694 d'e
1005 627 1158 712 Bozouk,
1177 628 1233 694 de·

108 756 195 803 mum
226 735 319 806 uadit
343 757 402 825 per
426 737 515 806 viam
542 757 641 823 super
669 738 785 806 eodem
811 737 901 804 heroi
928 737 1125 805 oiroueundo
1143 733 1232 822 (igy)

109 856 224 911 oontra
247 847 520 932 septemtrionem,
537 846 625 914 eirea
651 847 739 914 viam
769 845 971 932 predictam,
996 845 1234 927 intorquemus

108 960 185 1018 suut
200 962 268 1021 tres
285 965 389 1042 mete;
405 953 447 1022 de
464 956 579 1024 eodem
595 954 685 1020 bercia
702 954 951 1036 descendendo,
964 956 1052 1022 oirou
1067 953 1149 1018 vium
1159 957 1236 1020 sunt

108 1068 178 1127 tres
195 1067 281 1128 mete
297 1063 495 1148 angulares,
512 1067 625 1130 teuent
649 1069 755 1132 metas
780 1084 853 1130 oum
870 1064 1024 1131 Pannauo
1050 1059 1091 1127 do
1116 1059 1234 1127 tihala-

108 1189 207 1256 mys,
232 1171 309 1238 indo
325 1171 499 1240 deseendit
518 1171 550 1237 in
568 1171 673 1240 latere
689 1170 808 1240 montis
835 1171 998 1253 umbrosi,
1024 1170 1142 1236 iterato
1159 1189 1234 1235 oon·

108 1283 161 1342 trn
177 1279 355 1363 orientem,
381 1286 414 1345 ot
438 1279 470 1344 in
498 1279 563 1345 fine
579 1285 665 1348 terre
683 1279 831 1362 arabilis,
849 1281 934 1346 inter
950 1278 1060 1358 rubos,
1077 1283 1153 1345 sunt
1168 1283 1235 1344 tres

108 1393 205 1469 mete,
222 1387 333 1469 ibique
349 1387 541 1472 angulatum
560 1388 690 1455 demum
708 1388 812 1454 tendit
827 1406 942 1454 uersus
959 1384 1235 1470 septemtrionem,

109 1501 144 1560 et
159 1495 279 1561 transit
293 1495 414 1562 vallem
429 1493 556 1562 directe
572 1497 617 1564 ati
633 1497 761 1582 ylioes,
787 1503 819 1563 et
837 1496 882 1564 ibi
900 1503 974 1564 sunt
988 1501 1085 1580 mete,
1103 1504 1132 1561 et
1148 1497 1236 1559 tenet

109 1609 215 1668 metas
232 1621 303 1668 oum
320 1602 420 1669 Batur
434 1600 476 1670 do
493 1606 606 1688 Neue,
625 1603 701 1670 inde
717 1603 892 1670 deseendit
917 1623 976 1689 per
992 1609 1112 1670 terram
1128 1599 1234 1667 arabi-

109 1711 186 1794 lem,
203 1717 236 1776 et
251 1711 370 1778 transit
385 1711 432 1778 Za
439 1712 522 1778 hara
537 1711 664 1780 Potolra
679 1712 907 1779 asscendendo
924 1711 968 1776 au
984 1715 1136 1794 montem,
1153 1715 1186 1774 et
1201 1709 1235 1774 iu

109 1819 215 1888 latere
226 1817 371 1887 eiusdem
385 1821 445 1886 sub
462 1840 581 1903 quercu
598 1827 675 1888 suut
690 1828 777 1888 mete
791 1845 798 1906 ;
813 1820 889 1887 iude
905 1819 1073 1886 asscendit
1082 1817 1125 1886 ad
1135 1817 1235 1902 bercia,

111 1935 146 1993 et
161 1929 207 1993 ibi
229 1933 304 1994 sunt
328 1935 415 1994 mete
440 1929 501 1994 sub
526 1929 614 2016 yiioe
640 1935 672 1994 et
686 1929 748 1995 sub
764 1930 856 2018 piro;
873 1929 1000 1996 demum
1022 1925 1236 2012 pereundam

111 2035 204 2100 beret
220 2036 427 2123 circueundo,
445 2043 558 2104 eontra
574 2037 736 2104 orientem
753 2037 868 2123 tendit,
886 2045 918 2106 ot
935 2036 980 2104 ibi
996 2033 1237 2104 suntmetesub

110 2143 202 2230 ylioo
212 2165 220 2228 ;
237 2143 314 2210 inde
330 2163 389 2232 per
404 2145 492 2212 viam
509 2165 643 2232 gregum
663 2148 754 2214 uenit
770 2167 869 2234 super
885 2145 998 2215 eodem
1016 2143 1105 2210 beret
1115 2194 1125 2230 ,
1141 2149 1175 2209 et
1189 2163 1237 2210 ro·

110 2253 255 2319 fleotitur
272 2258 385 2320 ooutra
401 2253 579 2335 meridiem,
597 2261 630 2322 et
646 2255 737 2323 uenit
752 2253 806 2342 [a'd
822 2263 927 2322 metas
943 2255 1080 2340 priores,
1098 2263 1131 2319 et
1146 2257 1237 2318 tenet

111 2368 221 2428 metas
237 2381 310 2428 oum
326 2361 476 2447 Zabam,
494 2363 609 2446 ibique
626 2365 829 2432 terminatur.
856 2365 893 2430 Iu
911 2364 1000 2430 ouius
1015 2361 1063 2429 rei
1090 2362 1236 2429 testimo·

111 2471 201 2536 nium
227 2470 406 2536 seeundum
432 2472 654 2539 asseroiouem
672 2481 706 2540 et
722 2473 915 2540 instauoiam
933 2473 1090 2558 paroium,
1105 2487 1236 2555 presen-

111 2586 165 2644 tes
179 2583 312 2643 nostras
336 2579 726 2679 conoessimusxlitteras,
756 2581 856 2664 sigilii
872 2582 975 2648 nostri
992 2579 1168 2646 munimine
1185 2595 1235 2642 ro-

111 2687 260 2754 boratas.
286 2685 407 2754 Datum
430 2708 489 2774 per
515 2708 631 2757 manus
657 2689 806 2776 magistri
822 2689 908 2759 sixti
923 2689 1070 2758 Leotoris
1086 2685 1238 2753 Euolesie

110 2801 235 2874 nostre,
269 2795 381 2880 quinto
412 2800 527 2867 Nonas
558 2797 652 2886 Maij,
685 2819 772 2868 anno
804 2798 937 2868 Domini
961 2795 1133 2866 millesimo
1158 2792 1240 2862 00⁰.

111 2903 234 2970 Lxx0.
251 2903 324 2971 vlt.

224 3103 332 3172 Jepyzet.
362 3099 511 3173 Hirtyiru
523 3101 592 3160 nort
604 3107 737 3160 metszett
752 3101 847 3175 level,
871 3103 1007 3175 melynek
1020 3101 1080 3158 alil
1092 3099 1239 3172 ftlhaJtott

111 3189 222 3260 hirtyu
243 3191 452 3250 hnadtkribot
474 3199 559 3251 vttrtts
578 3193 609 3274 es
622 3193 710 3267 singu
722 3195 833 3251 sodrott
844 3195 998 3268 selyemrtil
1011 3192 1123 3250 suinten
1135 3189 1238 3263 posset

111 3280 206 3355 ffigg,
229 3283 319 3356 melly
340 3283 568 3358 reunyomutbau
590 3303 608 3342 a
629 3284 753 3357 Magyar
765 3282 941 3359 Torrentius
954 3280 1070 3338 Turbam
1081 3279 1117 3336 ΙΙ.
1127 3279 1171 3335 23.
1183 3275 1237 3335 ttt-

111 3372 192 3430 hato.
206 3371 233 3428 A
245 3372 356 3432 kekkti
367 3373 548 3432 leveltltrban
561 3394 567 3429 :
581 3373 643 3431 AL.
655 3376 699 3432 16.
718 3362 801 3444 urso.
