3142 5170
600 339 765 444 Q

121 535 198 605 aliis
217 538 367 622 cognatis
384 539 453 605 suis
470 556 664 606 eonsensum
690 557 784 606 sunm
799 539 1023 625 prebentibus,
1039 539 1243 608 manumisis-

121 651 182 735 set,
200 652 234 711 et
248 646 439 715 tradidisset
455 655 613 735 perpetue
638 649 782 716 libertati
798 652 831 716 in
847 647 931 720 filies
956 650 1105 728 filiorum,
1132 649 1241 718 dando

121 755 245 822 eisdem
263 757 408 844 inantea,
426 758 544 835 standi,
562 758 670 845 eundi,
690 765 722 825 et
732 759 900 842 menendi,
909 757 1104 844 ubieunque,
1116 763 1148 826 et
1157 756 1244 843 apud

121 883 335 948 quosounque
351 867 514 933 noluerint
528 864 666 934 liberam
682 865 886 936 facultatem.
903 869 942 933 In
958 867 1050 934 onius
1060 866 1109 933 rei
1125 887 1242 934 memo-

118 973 202 1039 riam
228 979 398 1058 presentes
424 975 644 1044 concessimus
670 976 799 1046 litteras
824 976 924 1062 sigilli
949 977 1051 1044 uostri
1070 975 1243 1043 munimine

120 1080 304 1149 roboratas.
321 1083 441 1151 Datum
458 1104 545 1153 anno
561 1083 694 1154 Domini
705 1085 876 1153 millesimo
896 1083 1120 1153 ducentesimo
1131 1091 1241 1152 eetua-

120 1191 249 1274 gesimo
266 1192 388 1274 quinto.

119 1383 255 1456 (Herrys.
278 1385 419 1460 Apeeedt
428 1388 553 1446 namneti
566 1389 695 1460 selymsn
708 1387 789 1463 fllgg.
801 1387 1087 1463 Pousouylrdptalani
1100 1389 1237 1464 erendgoe

306 1476 429 1536 levdltdr
442 1476 540 1552 Capsa
553 1478 630 1536 XIV.
644 1479 729 1536 Fuso.
742 1481 785 1536 23.
800 1479 850 1548 Nu,
865 1481 907 1536 16.
926 1481 1050 1550 Kaous.)

650 2317 724 2384 tre.

114 2509 306 2604 Aleirdlynd
313 2515 562 2598 idroolrmeslere‚
574 2511 713 2579 Bobroed
725 2513 883 2604 delysdqet,
894 2517 985 2583 minei
994 2517 1119 2584 lukesai
1128 2517 1235 2585 kodolt

189 2623 407 2710 iromdeyekad
420 2623 575 2688 mototialr
583 2621 648 2708 fel,
665 2623 884 2712 Beyomdrreok
900 2627 971 2694 totle·
985 2626 1056 2693 edo.
1081 2629 1179 2694 1285.

230 2823 299 2892 Nos
324 2821 365 2888 D.
391 2821 548 2908 Magister
566 2819 822 2890 Tavarnieorum
842 2821 972 2892 domiue
987 2823 1114 2909 Regius
1130 2831 1164 2892 et
1180 2825 1243 2896 (io-

115 2955 190 3002 mes
216 2933 259 2999 de
274 2931 405 3008 Zolum‚
432 2929 652 3015 significamus
679 2933 840 2999 uniuersis
859 2933 1064 3019 presencium
1081 2953 1140 3020 per
1155 2941 1244 3003 teue-

112 3061 196 3126 rom,
214 3041 302 3127 qued
313 3059 384 3106 enm
400 3039 515 3126 populi
530 3040 572 3106 de
587 3039 667 3106 villa
682 3041 854 3109 Bebrouoh
872 3048 986 3108 eontra
1005 3043 1164 3111 Comitem
1182 3043 1243 3108 Be·

113 3151 300 3238 gomerium
315 3149 442 3214 litteras
459 3147 590 3216 domine
606 3147 729 3234 liegine
745 3167 845 3236 super
856 3150 943 3218 laeto
958 3157 1045 3217 torre
1061 3150 1166 3235 ipsius
1181 3152 1242 3219 Bo·

112 3259 245 3326 brouoh
270 3276 380 3323 eoram
398 3255 524 3324 Gemite
549 3255 733 3324 Laureneie
745 3306 754 3341 ,
781 3255 916 3325 officiali
940 3265 1049 3324 nestro
1066 3259 1108 3325 de
1125 3258 1244 3346 Lypte,

112 3373 267 3432 statuere
284 3372 316 3430 et
333 3363 489 3430 exhibere
507 3364 716 3450 debuissent,
742 3364 942 3432 adueniente
961 3385 1089 3450 quoque
1105 3367 1242 3434 termine

109 3475 264 3560 ipsarum
290 3473 470 3541 litterarum
497 3473 732 3555 exhibioienis,
758 3474 860 3560 ijdem
885 3476 999 3561 populi
1023 3473 1065 3539 de
1080 3475 1242 3559 Bobroelu,

112 3601 230 3649 eoram
256 3581 371 3665 probis
387 3581 479 3668 viris,
505 3601 638 3664 querum
655 3583 786 3650 uomina
803 3583 835 3647 iu
852 3582 970 3650 litteris
986 3582 1090 3669 ipsius
1106 3582 1243 3652 Comitis

111 3691 292 3758 Laureneii
304 3691 432 3778 plenius
440 3691 655 3775 eontinentur,
672 3691 800 3757 litteras
812 3689 969 3774 quasdam
986 3711 1052 3758 non
1068 3709 1166 3758 ueras
1183 3694 1243 3762 sed

110 3799 295 3868 falsidicas
311 3801 548 3884 exhibuissent,
562 3805 595 3867 et
605 3806 720 3868 eontra
730 3800 836 3886 ipsum
849 3799 1007 3868 Comitem
1017 3803 1242 3886 Bogemerium

110 3909 249 3976 omnino
275 3908 513 3976 remansissent
543 3910 643 3978 rebus
669 3917 703 3977 et
728 3909 879 3996 personis
896 3909 1179 3998 condempnandi,
1211 3917 1245 3977 et

108 4019 225 4105 ipsam
242 4023 363 4084 terram
379 4017 530 4085 Bobrooh
547 4018 653 4085 eidem
671 4016 789 4085 Gemiti
804 4017 997 4103 Begemorie
1014 4016 1194 4085 dimisimus
1211 4025 1245 4086 et

109 4126 311 4210 reliquimus
337 4131 496 4212 perpetue
521 4125 756 4212 possidendam
783 4123 1025 4210 ethelendam,
1043 4133 1076 4194 et
1092 4127 1161 4194 ulle
1176 4149 1244 4195 um·

108 4257 217 4321 quam
243 4241 391 4320 tempore
407 4255 467 4324 per
491 4237 657 4322 predictos
674 4237 813 4328 populos
829 4233 870 4303 de
886 4235 1053 4304 Brobreeh
1070 4255 1170 4322 posse
1185 4255 1242 4303 re-

107 4345 306 4434 petendam.
322 4345 443 4412 Datum
459 4366 547 4413 anne
562 4345 695 4414 Domini
711 4347 769 4413 Μ’.
787 4343 866 4414 00⁰.
883 4345 1030 4414 LXXX⁰
1045 4346 1166 4428 quinte.

224 4507 335 4575 deesset.
354 4503 489 4562 Eredetie
502 4503 661 4579 bdrhdrtya
674 4522 692 4562 a
704 4501 968 4563 Huni-szmriutdl
980 4505 1094 4563 eredett
1105 4503 1234 4578 Kubinyi

104 4591 284 4668 nemetsdg
295 4592 507 4652 leveltdrdban.
529 4583 610 4666 liirdy.
