3116 5166
596 359 757 460 ‚raa

110 555 191 622 tiam
210 554 320 642 operis
336 556 487 642 proprios
504 555 741 646 explicaremus
752 557 910 645 affeetue5
927 567 1149 632 verumtamen
1163 561 1241 648 quia

112 661 146 730 id
172 661 319 732 conditio
345 669 458 732 nestra
484 684 551 733 non
576 666 721 753 patitur,
748 667 827 752 quia
851 669 1070 754 ingruentium
1096 673 1239 752 undique

2 854 8 865 ,
112 771 317 857 negotiorum
334 773 539 841 immensitas
556 775 627 843 sive
644 775 790 844 uarietas
811 796 875 842 non
900 777 1067 863 permittit,
1085 777 1129 845 ad
1147 796 1241 844 vene·

113 879 252 948 rabilem
267 881 302 948 in
319 881 449 950 Christo
466 883 600 950 fratrem
615 882 803 970 Philippum
820 885 1018 974 Episcopum
1041 885 1242 968 Firmanum,

114 993 149 1055 nt
166 987 286 1056 iortem
302 989 471 1058 mittemus
487 990 531 1059 ad
547 990 647 1058 sortia
655 1045 664 1080 ,
682 997 715 1059 et
731 993 801 1062 eius
819 993 962 1061 robustis
978 992 1122 1062 humeris
1138 1011 1241 1059 onera

112 1097 258 1181 grandia
273 1097 502 1185 imponamus,
519 1105 630 1169 nostre
647 1099 866 1169 convertimus
892 1099 1131 1170 diliberationis
1147 1097 1243 1167 intui·

114 1209 195 1289 tum,
214 1213 247 1274 et
263 1206 297 1273 in
313 1226 447 1275 suarum
464 1207 759 1278 considerationem
775 1209 931 1278 virtutum
946 1209 1168 1278 habuntanter
1179 1205 1242 1275 sibi

115 1335 135 1380 a
152 1315 295 1383 Domino
313 1335 554 1403 concessarum,
571 1317 612 1385 de
631 1317 843 1388 concedentis
860 1317 1033 1388 affluenter
1049 1323 1081 1385 et
1097 1337 1162 1383 non
1182 1316 1240 1384 im·

116 1425 328 1512 properantis
354 1425 590 1511 omnipotentia
618 1432 651 1492 ct
667 1427 830 1496 immensa
844 1427 1050 1512 benignitate
1066 1423 1243 1514 sperando,

112 1539 225 1599 nostre
240 1529 462 1602 fluctuationis
472 1553 571 1622 super
583 1533 646 1600 biis
662 1537 816 1603 anxietas
833 1535 1045 1620 conquiescit.
1058 1536 1140 1602 Nam
1157 1551 1242 1618 oum,

112 1641 200 1709 sieut
227 1643 432 1729 experientis
456 1642 651 1728 probatione
667 1642 859 1730 didicimus,
888 1643 1019 1712 dederit
1035 1643 1065 1710 ei
1081 1643 1243 1710 Dominus

113 1771 152 1816 os
162 1801 172 1834 ,
190 1756 224 1817 et
240 1749 456 1836 sapientiam,
473 1749 683 1835 linguamque
701 1749 860 1820 adiecerit
885 1753 1048 1820 eruditam
1058 1802 1068 1838 ,
1095 1756 1130 1818 ut
1146 1749 1243 1836 sciat,

114 1857 248 1942 quaudo
273 1859 397 1926 debeat
416 1859 563 1946 prolerre
588 1878 773 1928 sermonem
782 1910 792 1946 ,
809 1879 882 1928 cum
907 1859 1007 1928 etiam
1024 1860 1059 1928 in
1075 1879 1115 1925 eo
1131 1855 1244 1944 vigeat

111 1965 275 2034 rectitudo
300 1967 434 2054 iudicii,
460 1969 590 2036 consilii
614 1967 824 2054 prouidentia
835 2020 845 2054 ,
873 1969 906 2034 in
922 1970 994 2036 nelo
1011 1967 1192 2049 sobrietas,
1208 1965 1242 2032 in

113 2073 245 2160 agendo
262 2075 439 2143 strenuitas
457 2083 490 2143 et
511 2077 715 2162 experientia
731 2077 766 2143 in
782 2077 893 2146 arduis
910 2077 1113 2162 approbata,
1130 2095 1243 2162 spera·

112 2202 186 2249 mus
203 2202 264 2250 nec
281 2183 453 2267 immerito,
472 2185 561 2268 quod
583 2189 677 2252 aetus
699 2203 786 2270 suos,
803 2184 860 2252 illo
877 2183 1060 2271 dirigente,
1079 2184 1244 2269 quinovit

111 2311 219 2378 presa
235 2292 269 2359 in
286 2292 435 2376 directa,
455 2299 489 2358 et
504 2291 561 2360 illo
578 2293 770 2376 adiurante,
785 2293 842 2378 qui
858 2299 970 2378 potest
986 2312 1106 2378 aspera
1120 2295 1154 2360 in
1170 2291 1243 2361 vias

110 2401 236 2488 planas
261 2407 472 2486 convertere,
503 2421 540 2466 ec
565 2401 600 2467 in
617 2400 774 2486 predictis
791 2419 851 2486 per
866 2421 925 2469 sue
942 2401 1243 2489 circumspectionis

112 2505 310 2576 industriam
327 2508 399 2575 utili
415 2509 623 2594 providentia
640 2513 674 2576 et
695 2509 838 2577 utilitate
853 2509 993 2594 provida
1009 2528 1151 2596 congrue
1169 2531 1244 2578 eon·

112 2617 182 2684 suli
199 2618 322 2703 poterit
338 2623 371 2683 et
387 2617 564 2685 salubriter
580 2618 759 2685 subueniri.
775 2619 845 2686 Nos
861 2619 973 2703 itaque
988 2624 1055 2685 tam
1072 2617 1200 2704 ingenti
1211 2623 1244 2684 et

111 2697 304 2810 periculosa
322 2725 522 2793 necessitate
538 2725 773 2811 premissorum
790 2733 916 2795 attente
932 2733 1084 2812 pensata,
1100 2745 1184 2810 eum,
1200 2723 1242 2793 de

110 2833 208 2902 onius
234 2833 333 2901 claris
359 2834 484 2902 meritis
511 2841 544 2899 et
568 2835 709 2918 probata
725 2833 884 2903 industria
900 2837 1032 2920 plenam
1049 2835 1083 2900 in
1099 2833 1240 2902 Domino

111 2941 267 3009 fiduciam
292 2941 499 3028 obtinemus,
515 2941 558 3008 ad
574 2944 722 3028 Regnum
737 2942 845 3028 ipsum
862 2943 926 3010 sibi
941 2943 1118 3029 legationis
1134 2939 1243 3012 edicio

110 3053 214 3137 pleno
231 3049 408 3116 commisso
425 3049 460 3115 in
478 3050 593 3118 eodem
611 3053 736 3136 Regno,
755 3071 796 3117 ac
813 3049 960 3134 Ungarie
970 3099 978 3134 ,
995 3051 1130 3119 Polonie
1139 3099 1146 3134 ,
1165 3049 1244 3117 Dal-

111 3160 237 3246 matic,
268 3159 423 3245 croatie,
452 3159 576 3244 Rama,
608 3159 803 3229 Lodomerie
815 3211 825 3246 ,
860 3159 996 3228 Gallitie
1027 3168 1061 3228 et
1086 3160 1243 3230 Cumania

114 3267 267 3354 partibus
283 3267 333 3335 illi
349 3269 571 3353 conterminis,
597 3277 632 3336 ut
658 3269 757 3336 ineis
783 3268 905 3337 evellat
930 3275 962 3334 et
987 3265 1153 3352 destruat,
1179 3267 1245 3334 dis-

112 3379 202 3463 sipet
218 3383 251 3446 el
266 3375 452 3463 dispendat,
469 3377 598 3446 edifloet
615 3381 648 3444 et
664 3377 787 3462 plantet
803 3377 838 3445 in
853 3377 985 3444 nomine
999 3375 1142 3462 Domini,
1159 3377 1244 3444 sicut

111 3483 235 3554 viderit
250 3485 424 3572 expedire,
442 3486 484 3552 de
500 3485 639 3553 fratrum
657 3493 843 3554 nostmrum
862 3485 1019 3570 consilio,
1036 3483 1136 3552 velud
1151 3483 1245 3569 pacis

111 3595 269 3678 angelum
286 3593 502 3677 destinamus,
526 3591 679 3660 iniuncto
696 3593 760 3660 sibi
776 3593 1014 3678 nichilominus,
1031 3591 1115 3658 utin
1131 3592 1244 3676 Regno

111 3703 186 3788 ipso
214 3701 302 3769 inter
328 3701 452 3786 Regem
478 3705 512 3769 et
538 3703 641 3787 Regni
666 3719 827 3786 personas
840 3750 849 3785 ,
873 3719 1000 3769 necnon
1025 3706 1092 3767 tem
1109 3701 1243 3787 ibidem,

112 3829 211 3894 quam
227 3809 262 3876 in
278 3807 459 3895 provinciis
474 3809 675 3891 memoratis,
696 3811 781 3878 inter
798 3808 1043 3880 ecclesiasticos
1061 3818 1093 3880 et
1108 3809 1244 3877 munda·

111 3937 173 3986 nos
189 3915 288 4005 viros,
305 3925 339 3984 et
354 3917 527 3987 universos
540 3919 625 3987 alios
650 3918 880 4001 cuiuscumque
897 3917 1105 4007 conditionis,
1122 3919 1245 4008 premi-

109 4025 224 4094 nentis
249 4025 322 4094 sire
344 4029 462 4110 status,
478 4045 578 4110 agere
605 4026 740 4093 studeat
756 4031 790 4094 et
805 4032 950 4095 tractare
959 4076 968 4111 ,
986 4047 1049 4112 que
1065 4027 1111 4095 ad
1127 4027 1247 4093 cultum

109 4133 184 4218 Dei,
211 4135 403 4220 Apostolice
424 4133 522 4203 Sedis
539 4135 695 4202 bonorem
706 4186 716 4220 ,
733 4136 831 4204 obser
899 4135 977 4202 tiam
997 4136 1155 4204 canonice
1172 4155 1247 4203 san-

110 4243 241 4325 ctionis,
257 4242 550 4330 reintegrationem
576 4243 809 4312 ecclesiastice
838 4245 1008 4329 ubertatis,
1026 4246 1125 4311 robur
1140 4247 1247 4312 status

106 4349 218 4438 Regii,
235 4351 418 4421 honestatis
433 4344 565 4439 cultum,
585 4353 855 4422 reformationem
871 4351 965 4438 pacis
974 4403 983 4438 ,
1009 4352 1246 4421 relevationem

104 4477 301 4548 pauperum,
313 4480 354 4527 ao
370 4459 554 4530 animarum
575 4465 716 4530 salutem
731 4484 772 4531 ac
789 4461 1058 4547 tranquillitatem
1076 4477 1245 4545 corporum

103 4569 333 4657 pertinebunt.
351 4568 514 4649 Quocirca
532 4571 750 4640 serenitatem
777 4569 916 4655 Regiam
932 4587 1086 4655 rogamus
1102 4572 1134 4633 et
1150 4566 1245 4633 obse-

105 4693 239 4752 cramus
256 4675 292 4743 in
307 4675 438 4751 dominc
454 4677 536 4755 lesu
554 4679 696 4763 Christo,
708 4681 869 4769 quatenus
880 4677 1018 4748 eundem
1034 4673 1244 4764 Episcopum,
