3142 5164
855 987 930 1057 tta.

336 1185 387 1252 As
402 1185 523 1276 coefi
537 1183 694 1272 cepaea
719 1183 1002 1276 omioptota,
1027 1188 1107 1276 sopp
1124 1189 1230 1279 emp
1253 1191 1455 1278 pompa

336 1297 369 1362 ἐι
382 1294 626 1383 mmctetpdaelt
641 1293 770 1361 emberet'
781 1293 889 1362 itaet
903 1299 986 1363 cecil
992 1295 1146 1383 seleseo
1155 1297 1339 1365 Bottamat
1353 1303 1385 1365 ts
1400 1305 1456 1366 tor·
1551 1293 1552 1328 ³

672 1403 788 1468 taitok
803 1402 1004 1472 twauotttt.
1022 1406 1117 1472 1280.

443 1598 628 1688 Capitulum
647 1599 800 1669 Ecclesia
814 1601 910 1670 Beati
926 1601 1106 1690 Myebaelis
1118 1602 1377 1691 'lranssyluana
1393 1607 1455 1674 uni·
1551 1601 1552 1670 i

337 1708 442 1777 uersis
460 1708 582 1777 Christi
597 1706 751 1776 fidelibus
769 1717 941 1796 presentes
958 1731 1035 1797 p-
1051 1711 1250 1796 inspecturis
1267 1713 1409 1781 salutem
1425 1713 1454 1778 iu
1551 1803 1552 1808 Ἰ

338 1819 480 1886 emnium
497 1818 685 1886 Saluatere.
709 1816 761 1884 Ad
776 1818 1002 1887 uniuersorum
1019 1819 1175 1886 noticiam
1200 1827 1313 1889 tenere
1328 1841 1455 1908 presan·
1551 1827 1552 1836 ²

337 1927 423 1992 cium
440 1926 589 2013 cupimus
600 1911 787 2010 peruenire,
800 1927 891 2012 qued
907 1928 1105 1996 constitutus
1116 1948 1228 1998 ceram
1245 1930 1341 1998 nobis
1353 1929 1455 2016 ldruey

337 2033 423 2101 filius
440 2034 529 2118 lpus,
547 2053 608 2119 pre
625 2052 662 2100 ae
680 2041 712 2099 et
728 2053 788 2118 pre
804 2033 907 2103 fratre
924 2055 985 2104 sue
1002 2035 1112 2120 Patre,
1130 2054 1191 2121 pre
1201 2035 1288 2106 Bata
1308 2046 1343 2104 et
1359 2039 1454 2104 Paule

336 2139 415 2228 iilijs
432 2139 579 2224 Yedueh,
597 2149 632 2207 et
646 2140 842 2211 Benedictus
858 2161 1037 2226 germanus
1053 2145 1129 2212 auie
1144 2146 1365 2228 personaliter
1380 2164 1455 2213 cen·

339 2249 470 2318 stitutus
488 2271 547 2336 pre
565 2249 633 2317 tilio
654 2251 1034 2339 Kannarparuu10,·pro
1049 2253 1115 2339 hijs
1131 2253 1283 2320 omnibus
1308 2255 1455 2338 superius

336 2358 534 2443 nominatis,
552 2361 630 2443 quia
646 2360 713 2426 sint
727 2358 769 2426 de
785 2380 852 2428 una
868 2363 1092 2445 generaeieue
1107 2363 1354 2450 responderunt
1368 2369 1401 2431 et
1415 2363 1457 2430 di·

336 2476 473 2553 xerunt,
509 2467 595 2552 qued
621 2467 790 2554 quandam
823 2478 943 2536 terram
971 2469 1146 2538 eorundem
1171 2469 1405 2538 hereditariam
1428 2476 1457 2538 et

336 2595 539 2646 communem
555 2579 704 2662 superior
720 2575 840 2644 Theuk
855 2584 1012 2647 uocatam
1030 2599 1102 2646 cum
1128 2578 1282 2646 omnibus
1298 2580 1456 2664 pertinen·

337 2684 401 2770 cijs
416 2685 487 2753 suis
505 2693 538 2750 et
563 2685 762 2752 utilitatibus
787 2685 879 2752 iuxta
903 2693 1032 2754 ueteres
1057 2696 1164 2754 metas
1181 2693 1214 2754 et
1241 2691 1395 2770 audquas
1418 2686 1458 2753 de

340 2812 506 2862 censensu
522 2803 555 2861 et
570 2793 742 2862 uoluntate
757 2793 934 2862 Benedicti
951 2795 1010 2864 dlii
1025 2794 1232 2881 llyehaelis,
1249 2802 1283 2860 et
1299 2793 1455 2879 Demetrii

317 2939 320 2951 ι
338 2899 450 2968 fratria
467 2901 617 2986 ejusdem
627 2953 636 2987 ,
663 2909 697 2970 et
721 2909 1036 2987 commutantem,
1063 2903 1219 2970 videlieet
1235 2903 1411 2972 Michaelis
1426 2909 1457 2970 et

336 3011 499 3079 Jehannis
515 3010 651 3080 filiorum
669 3011 866 3098 Laureneij,
893 3031 954 3080 uee
969 3030 1034 3078 nen
1050 3012 1210 3095 alierum,
1230 3011 1459 3080 condidissent

337 3138 378 3185 ac
397 3117 616 3190 tradidissent
630 3139 691 3206 pre
708 3119 821 3190 decem
839 3121 959 3189 marcis
976 3121 1162 3206 Valentino,
1179 3117 1345 3190 Niebelae
1359 3123 1457 3207 nigre

335 3228 494 3312 Zalande‚
513 3237 545 3296 et
560 3229 707 3316 Wylme,
728 3249 768 3297 ac
784 3229 961 3298 heredibus
980 3231 1067 3309 suis,
1094 3230 1294 3298 heredumue
1319 3249 1459 3333 suerum,

337 3337 584 3404 suecessoribus
599 3337 670 3403 iure
694 3345 855 3425 perpetue
872 3345 906 3406 et
921 3338 1184 3406 irrevocabiliter
1208 3337 1371 3421 possiden
1378 3335 1462 3410 dam.

337 3443 502 3510 Dixerunt
527 3445 632 3510 seiam
655 3445 850 3529 supradicti
874 3447 1006 3532 Eruey,
1033 3452 1065 3512 et
1083 3444 1302 3528 Benedictus,
1329 3446 1462 3528 quodsi

339 3558 446 3619 tractu
472 3553 630 3637 temperis
647 3551 768 3636 aliquis
793 3553 1111 3639 consanguineorum
1137 3572 1267 3620 suerum
1294 3553 1350 3620 uel
1367 3555 1463 3638 alius,

338 3659 429 3746 ipsos
446 3659 675 3742 Valentinum,
693 3661 901 3746 Nyehelaum
920 3662 1059 3748 nigrum,
1084 3661 1267 3729 Zalandum
1286 3671 1319 3727 et
1338 3663 1465 3748 Wylme

337 3789 436 3853 super
451 3780 541 3836 terra
557 3777 740 3838 memorata
755 3773 934 3838 molestare
950 3776 1177 3857 attemptaret,
1198 3769 1303 3854 ijdem
1318 3770 1465 3856 preprijs

337 3875 503 3943 laboribus
521 3885 554 3946 st
569 3876 726 3963 expensis
743 3879 878 3947 eosdem
893 3878 1070 3946 defendere
1087 3885 1283 3944 tenerentur.
1305 3879 1349 3944 Vt
1367 3878 1465 3960 igitur

337 4002 391 4049 res
408 3991 504 4067 gesta
520 3983 616 4050 robur
642 3985 790 4070 optineat
803 3993 963 4072 perpetue
978 3985 1165 4066 firmitatis,
1185 3985 1316 4052 litteras
1333 3991 1467 4052 uestras

336 4091 577 4160 testimoniales
595 4093 817 4160 concessimus
828 4103 861 4160 et
878 4095 1029 4160 dedimus
1040 4094 1151 4176 sigillo
1168 4101 1278 4159 nostre
1296 4095 1467 4159 autentico

337 4197 520 4266 roboratas.
541 4200 663 4267 Datum
679 4220 766 4268 anne
783 4200 916 4268 Domini
932 4201 1077 4268 M⁰.OG⁰.
1096 4201 1332 4284 octuagesimo.
1551 4185 1552 4192 ἵ

335 4391 476 4465 (Tentseh
490 4392 521 4450 ds
534 4393 704 4457 Bimhebsr.
721 4394 958 4451 Urlrnndsnbucb
969 4413 994 4450 n.
1008 4391 1115 4450 Geseh.
1132 4391 1267 4449 Siebenb.
1277 4393 1299 4446 l.
1315 4393 1424 4449 k.119.
1439 4393 1469 4464 l.)

769 4689 907 4700 -ι--ι--ι
919 4693 1026 4710 Ψ
