3142 5164
741 329 742 334 ψ
812 287 973 388 mc..

332 487 583 559 deliberationis
599 485 790 558 scrutinium
807 485 1015 572 introductis,
1028 486 1062 551 in
1077 487 1301 556 venerabilem
1318 487 1457 555 fratrem
1558 467 1559 470 ¹

332 595 562 664 Lodomerinm
588 594 790 681 Episcopum
816 593 984 677 quondam
1011 591 1278 678 Waradiensem‚
1296 595 1456 680 Strigoni·

331 724 445 772 ensem
471 703 618 770 Electum
645 698 901 769 deliberacionis
926 701 1034 786 ipsius
1060 703 1170 770 exitus
1196 704 1407 788 conquievit,
1423 709 1458 770 et

331 811 595 891 considerantes,
612 807 700 892 quod
716 808 803 875 sicut
817 811 1002 876 assertione
1018 807 1189 896 fidedigna
1199 813 1396 898 recepimus,
1406 813 1456 880 rir

330 928 382 991 est
397 921 431 986 iu
448 919 587 988 consilio
611 916 776 1004 providus,
803 917 836 984 in
862 915 990 988 actibus
1007 923 1173 999 strenuus,
1191 919 1310 986 virtute
1326 921 1455 1006 pollens

329 1038 364 1099 et
387 1027 497 1112 fama,
521 1029 634 1112 sicque
658 1027 692 1093 in
719 1023 929 1094 waradiensi
945 1026 1098 1094 Ecclesia
1114 1047 1178 1094 non
1194 1029 1299 1095 solum
1316 1026 1456 1096 fideliter

330 1138 391 1206 sed
407 1144 440 1205 et
454 1138 579 1206 utiliter
596 1136 806 1220 ministravit,
822 1143 857 1202 nt
873 1154 974 1220 super
984 1155 1094 1220 pauca
1104 1136 1225 1223 fidelis,
1238 1157 1338 1224 super
1350 1141 1453 1206 multa

330 1245 483 1315 constitui
499 1251 697 1330 mereretur;
723 1244 931 1312 attendentes
947 1263 1086 1332 quoqne,
1105 1245 1194 1330 qnod
1210 1247 1258 1312 toi
1274 1248 1407 1314 honoris
1423 1253 1455 1314 et

330 1357 461 1425 comedi
476 1355 601 1424 zelator
616 1353 787 1440 asseritur,
798 1360 831 1420 et
849 1353 983 1420 culmini
999 1353 1104 1440 Regio
1121 1355 1268 1424 astitisse
1285 1355 1454 1425 indefessa

257 1531 259 1536 .
332 1464 519 1534 constantia
545 1465 752 1549 predicatur,
779 1464 813 1530 in
838 1462 900 1530 boc
924 1461 990 1530 tuis
1006 1469 1040 1531 et
1055 1462 1162 1546 Regni
1179 1466 1326 1533 eiusdem
1344 1468 1454 1553 prori-

330 1573 410 1642 dcrc
436 1573 632 1642 utilitatibus
659 1571 887 1659 intendentes,
915 1573 1022 1660 ipsum
1047 1590 1069 1638 a
1097 1571 1249 1659 vinculo,
1267 1594 1332 1657 qno
1350 1577 1455 1650 eidem

331 1683 544 1751 Wuradiensi
569 1683 743 1750 tenebatur
767 1681 917 1749 Ecclesie
943 1681 984 1748 de
1000 1683 1146 1767 ipsorum
1164 1679 1302 1750 fratrum
1319 1683 1454 1752 consilio

331 1797 364 1858 et
380 1789 571 1878 Apostolice
596 1789 801 1876 plenitudine
826 1790 1003 1875 potestatis
1020 1789 1176 1858 duximus
1194 1789 1454 1878 absolvendum

334 1907 367 1968 et
383 1899 426 1968 ad
442 1901 565 1968 dictam
582 1899 842 1984 strigoniensem
864 1897 1103 1967 transferentes
1119 1899 1306 1967 Ecclesiam
1323 1908 1456 1987 propter

332 2015 502 2094 urgentem
528 2009 760 2076 necessitatem
786 2015 820 2074 et
845 2006 1029 2076 evidentem
1054 2008 1229 2075 utilitatem
1248 2007 1366 2094 ipsius,
1383 2027 1453 2075 enm

334 2117 399 2205 ipsi
416 2115 605 2203 preficimus
621 2117 656 2185 in
673 2117 964 2205 Arcbiepiscopnm
976 2125 1010 2184 ct
1025 2117 1207 2202 Pastorem,
1225 2115 1455 2184 nichilominus

333 2233 368 2294 ut
384 2225 429 2294 ad
445 2227 584 2294 candem
600 2213 859 2311 strigoniensem
877 2225 1062 2295 Ecclesiam
1087 2225 1192 2295 libere
1217 2231 1380 2307 transeat,
1397 2226 1455 2292 sibi

334 2335 502 2403 licentiam
519 2333 748 2404 concedentes.
774 2335 934 2415 Quocirca
960 2337 1178 2405 serenitatem
1195 2335 1335 2421 Regiam
1353 2355 1456 2402 mone·
1558 2403 1559 2422 ,

334 2463 420 2530 mus,
435 2463 591 2528 rogamus
602 2455 635 2510 et
652 2443 818 2512 hortamur
836 2449 973 2528 attente,
990 2443 1295 2512 inremmissionem
1308 2441 1370 2512 tibi
1386 2463 1456 2530 pec-

335 2553 498 2622 caminum
523 2551 753 2638 ininugentes,
782 2560 954 2640 quatenns,
971 2553 1000 2619 si
1016 2573 1082 2637 qna
1097 2552 1140 2620 de
1155 2551 1252 2619 bonis
1268 2551 1455 2637 temporali·

334 2661 396 2729 bus
412 2661 558 2731 eiusdem
575 2661 813 2744 Strigoniensis
839 2662 990 2730 Ecclesie
1014 2661 1047 2728 in
1064 2663 1218 2730 manibus
1234 2659 1299 2728 tnis
1317 2661 1374 2727 rel
1390 2667 1455 2728 tuo·

335 2791 406 2838 rom
422 2772 566 2840 existunt
576 2821 585 2855 ,
604 2773 711 2840 eidem
729 2771 845 2840 Electo
862 2771 934 2839 sinc
950 2771 1066 2856 aliqua
1083 2770 1292 2838 cunctatione
1308 2789 1352 2838 ac
1368 2767 1457 2836 dimi·
1557 2809 1558 2834 2

334 2881 468 2946 untione
496 2878 672 2964 restituas,
699 2887 731 2946 ct
756 2881 840 2947 ullos
868 2881 1043 2949 restituere
1069 2877 1193 2946 tradita
1214 2877 1274 2944 tibi
1289 2869 1457 2963 potestate

336 2987 537 3075 compellas,
562 2989 595 3054 iu
624 2987 878 3056 manutenendis
905 2987 1052 3058 eiusdem
1078 2987 1229 3055 Ecclesie
1260 2987 1391 3054 inribns
1415 2987 1460 3052 sic

334 3103 492 3184 prompte,
520 3097 569 3164 sic
596 3096 824 3166 favorabiliter
847 3099 984 3182 Regalis
1008 3097 1155 3182 potentie
1179 3095 1318 3163 brachio
1334 3095 1459 3162 foturus
1556 3145 1557 3174 3

335 3207 486 3290 eundem,
512 3203 600 3288 quod
624 3205 744 3272 exinde
764 3227 786 3274 a
801 3207 997 3273 retributore
1012 3206 1170 3274 bonorum
1188 3204 1332 3273 omnium
1349 3210 1459 3270 eterne

334 3314 556 3382 retributionis
572 3315 740 3399 premium,
757 3321 791 3381 et
806 3335 827 3380 a
844 3313 939 3380 nobis
953 3313 1058 3382 landis
1074 3309 1266 3398 preconium
1291 3319 1326 3378 et
1341 3311 1455 3396 ampli·

335 3423 401 3488 oris
427 3421 548 3489 favoris
569 3423 733 3489 cumulum
750 3422 919 3490 merearis.
937 3423 1059 3489 Datum
1076 3423 1178 3490 Rome
1196 3421 1286 3507 apud
1304 3419 1457 3488 Sanctum
1555 3481 1556 3484 ,

333 3531 467 3598 Petrum
483 3529 525 3597 X.
542 3529 717 3598 Kalendas
733 3529 819 3614 Julii,
832 3525 1060 3617 (Pontificatus
1071 3526 1189 3614 nostri)
1201 3549 1289 3598 anuo
1300 3528 1454 3598 secundo.

838 3637 841 3644 n

440 3727 504 3802 (Ill.
516 3725 622 3785 liilrlbs
634 3725 712 3801 pcipe
723 3725 915 3798 Regesttibdl
927 3726 1055 3784 'l'beiner
1067 3727 1105 3782 id.
1119 3743 1155 3782 m.
1169 3725 1190 3783 1.
1203 3723 1231 3782 k.
1245 3724 1309 3784 339.
1324 3723 1358 3790 l.)
