3154 5166
590 285 732 392 2⁵⁵4

97 481 198 568 Regis
215 481 336 567 Sicilie,
352 501 455 550 uxore
470 501 531 552 sua
547 505 568 552 a
584 502 621 553 se
646 504 781 570 prorsus
798 483 941 569 abiecta3
959 486 1045 554 unde
1070 486 1217 556 eiusdem

92 593 198 676 Regni
213 592 406 660 multimode
423 594 555 661 turbato
571 593 740 679 regimine,
759 592 976 663 eeclesiarum
993 595 1065 663 iura
1088 602 1121 663 et
1136 597 1216 665 alio·

93 717 162 766 rum
179 701 304 786 piorum
322 701 465 768 locorum
490 707 612 770 temere
637 709 847 788 usurpantur,
865 721 905 767 ac
922 703 1009 770 bona
1024 701 1167 772 fidelium
1182 704 1216 772 iu

93 809 206 894 Regno
221 808 293 894 ipso
310 808 420 876 multis
437 807 676 896 direptionibus
687 827 727 876 ac
742 809 986 878 vastationibus
997 817 1215 897 exponuntur,

93 922 127 982 et
143 915 277 984 libertas
304 917 532 986 ecclesiastica
558 919 790 1003 concuicatur,
819 941 860 988 ex
875 917 941 986 hiis
957 921 1139 988 animarum
1155 919 1215 990 de·

93 1023 260 1113 ploranda
285 1026 434 1112 pericula
460 1033 493 1096 et
517 1027 680 1096 horrenda
701 1001 894 1114 eontiug'uut
910 1029 1042 1098 excidia
1058 1048 1217 1116 persona·

93 1153 172 1220 rum,
191 1141 225 1202 et
239 1135 469 1220 multiplicatis
485 1137 520 1204 in
535 1137 648 1222 Regno
674 1137 749 1223 ipso
769 1135 935 1223 dissidiis,
953 1138 1102 1206 alienon
1119 1137 1218 1208 iacile

96 1243 302 1310 numeranda
317 1242 507 1314 discrimina
522 1247 775 1329 subsequuntur.
791 1245 935 1329 Ideoque
952 1266 1072 1330 magno
1089 1245 1218 1318 deside-

92 1353 142 1434 rio
160 1353 318 1440 ducimur,
333 1354 435 1422 tantis
446 1353 582 1422 obviare
596 1353 761 1438 periculis,
778 1362 811 1422 et
826 1355 933 1440 Regni
951 1355 1100 1424 eiusdem
1116 1357 1217 1425 statui

91 1460 273 1530 miserabili
289 1461 479 1547 subuenire,
496 1463 532 1528 ut
548 1470 615 1530 tam
633 1462 826 1548 procellosis
841 1463 1000 1532 fructibus
1015 1465 1086 1532 Deo
1103 1469 1216 1533 actore

91 1568 238 1656 sedatis,
265 1570 372 1638 eidem
388 1571 504 1656 Regno
530 1571 623 1656 pacis
649 1572 822 1640 illucescat
838 1592 967 1640 aurora.
995 1573 1048 1642 Ad
1063 1580 1098 1641 te
1113 1574 1215 1659 igitur

91 1680 213 1746 mentis
240 1680 350 1748 oeulos
377 1685 626 1762 convertentes,
655 1681 745 1748 cuiue
768 1679 979 1766 prudentiam
995 1688 1029 1748 et
1045 1682 1218 1768 probitatis

91 1788 215 1856 merita
241 1789 449 1875 experientia
475 1795 555 1856 nota
580 1788 677 1872 iecit,
703 1795 736 1856 et
761 1795 934 1876 sperantes
960 1790 1113 1874 firmiter,
1130 1787 1217 1876 quod

90 1898 182 1966 eirca
198 1897 427 1966 executionem
444 1916 564 1981 eorum,
576 1917 639 1981 quc
660 1897 693 1963 in
710 1897 774 1965 hac
790 1905 884 1984 parte
901 1897 960 1967 tibi
977 1897 1219 1982 committimus,

90 2026 235 2092 operose
250 2005 484 2074 sollicitudinis
499 2005 644 2074 studium
670 2005 715 2074 ad
731 2006 796 2072 Dei
810 2006 941 2074 laudem
959 2013 991 2074 et
1006 2008 1144 2092 gloriam
1162 2027 1217 2074 ex·

90 2113 236 2198 bibebis,
253 2120 286 2180 te
302 2114 347 2180 ad
362 2115 468 2200 ipsius
485 2114 632 2200 Ungarie
647 2111 813 2198 Regnum‘,
825 2133 949 2182 necnon
967 2113 1145 2198 Dalmatia,
1156 2135 1219 2202 que

89 2221 240 2307 Ungarie
256 2224 402 2310 Regibus
417 2223 503 2291 solet
519 2242 593 2290 esse
609 2223 779 2306 subiecta,
796 2243 836 2290 ac
851 2224 1002 2306 Austrie,
1018 2225 1137 2309 Stiria,
1156 2226 1217 2295 (la-

87 2333 223 2418 noeais,
241 2334 401 2403 Oumanie
416 2354 457 2403 aa
476 2337 585 2402 Bosne
602 2339 723 2418 partes,
739 2331 913 2402 commisso
924 2331 984 2400 tibi
1001 2334 1035 2400 in
1050 2336 1165 2418 Regno
1182 2339 1216 2401 et

87 2442 241 2530 partibus
257 2442 456 2530 supradictis
471 2443 571 2528 plene
587 2441 763 2527 legationis
783 2441 901 2526 officio,
919 2447 954 2508 ut
974 2439 1009 2507 in
1024 2441 1072 2509 eis
1089 2441 1215 2512 evellas

88 2557 123 2618 et
138 2553 306 2637 destruas,
322 2552 468 2639 dissipes
485 2557 519 2616 et
535 2549 735 2636 dispendas,
761 2546 898 2617 edifices
915 2555 947 2616 et
961 2549 1095 2633 plantes
1111 2550 1145 2616 in
1161 2570 1218 2619 uo-

88 2661 183 2728 miue
200 2659 352 2742 Domini,
378 2659 462 2725 sicut
486 2653 610 2726 videris
631 2657 801 2743 expedire,
819 2657 861 2726 de
877 2656 1013 2724 fratrum
1031 2665 1217 2726 nostrorum

90 2787 259 2837 consensu
287 2769 378 2835 velut
404 2765 497 2853 pacis
514 2767 667 2850 angelum
685 2767 906 2850 destinamus;
934 2766 1079 2834 iniuncto
1096 2767 1156 2834 tibi
1172 2769 1218 2834 ni·

88 2876 299 2962 chitominus,
325 2882 362 2944 ut
376 2876 540 2961 prelatum
563 2877 686 2962 Regem
703 2878 747 2945 ad
763 2877 852 2943 viam
868 2875 1017 2946 veritatis
1033 2884 1066 2946 et
1081 2875 1168 2963 fidei,
1186 2883 1219 2944 et

87 2986 284 3057 Christiane
299 2985 469 3072 religionis
486 2985 609 3054 cultum
626 2995 659 3051 et
673 2983 895 3052 ritumatanti
912 2987 1029 3051 erroris
1046 2985 1141 3053 devio
1152 2993 1218 3054 stu-

89 3096 178 3163 deas
193 3113 369 3180 revocare,
396 3095 521 3181 ipsum,
547 3103 583 3162 ut
598 3095 783 3181 predictam·
797 3113 931 3161 uxorem
947 3112 1039 3161 suam
1056 3093 1099 3160 ad
1115 3113 1153 3162 se
1170 3114 1218 3162 re-

86 3203 205 3280 ducat,
222 3223 263 3271 ae
287 3203 432 3271 maritali
460 3201 630 3270 affectione
657 3207 852 3290 pertractet,
880 3202 1018 3272 solerter
1043 3203 1213 3292 inducens,

85 3314 179 3382 inter
194 3313 320 3400 Regem
335 3314 442 3401 ipsum
458 3323 491 3382 et
506 3314 653 3383 eiusdem
669 3315 775 3400 Regni
791 3311 937 3397 Ungarie
955 3333 1135 3400 personas,
1152 3336 1215 3384 nee

82 3444 156 3490 non
175 3429 242 3489 tam
260 3422 293 3488 in
310 3425 424 3507 Regno
440 3427 531 3511 ipso,
559 3443 657 3508 quam
682 3424 715 3490 iu
740 3421 815 3490 aliis
840 3421 990 3507 partibus
1017 3423 1217 3508 supradictis

82 3533 179 3599 inter
212 3532 457 3602 ecclesiasticas
495 3552 655 3619 personas
690 3553 731 3601 ac
773 3531 939 3598 seculares
981 3531 1217 3616 cuiuscumque

83 3641 313 3726 condilionis,
338 3641 555 3726 preminentia
581 3643 651 3710 sive
675 3647 782 3709 status
804 3661 922 3726 paoem
949 3647 981 3706 et
1007 3639 1217 3710 concordiam

80 3748 273 3818 reformare
297 3769 476 3835 procures,
501 3757 534 3817 et
558 3749 849 3836 reintegrationem
875 3747 1102 3816 ecclesiastice
1120 3749 1217 3816 liber-

79 3860 172 3926 tatis
191 3863 223 3924 et
247 3857 316 3923 alia
331 3878 534 3944 promovere,
554 3878 617 3943 que
634 3857 677 3924 ad
692 3859 932 3926 relevationem
957 3877 1136 3944 pauperum
1162 3877 1218 3944 op-

79 3985 293 4056 pressorum,
318 3967 501 4035 animarum
517 3969 676 4053 salutem,
704 3974 736 4033 et
752 3965 1027 4049 tranquillitatem
1046 3985 1216 4050 corporum

81 4076 318 4166 pertinebunt.
336 4077 500 4156 Quocirca
515 4076 716 4149 fraternitati
742 4083 797 4143 tue
814 4095 873 4160 per
887 4075 1082 4160 Apostolica
1097 4077 1219 4162 scripta

79 4187 232 4255 firmiter
249 4184 462 4272 precipiendo
478 4188 683 4270 mandamus,
695 4189 857 4270 quatenus
875 4183 1050 4256 iniunctum
1060 4183 1120 4251 tibi
1136 4205 1218 4252 onus

79 4294 221 4366 laboris
238 4292 423 4363 huiusmodi
439 4315 500 4380 pru
516 4295 639 4362 Divina
655 4302 690 4364 et
705 4291 896 4380 Apostoliee
921 4291 1017 4361 Sedis
1041 4313 1082 4360 ac
1106 4301 1218 4362 nostra

79 4401 281 4472 reverentia
306 4410 454 4492 prompta
481 4403 656 4472 devotione
673 4403 856 4490 suscipiens
866 4451 876 4486 ,
903 4399 985 4467 illud
1001 4401 1051 4468 sic
1067 4401 1218 4486 sollicite,

77 4519 136 4586 sic
155 4514 337 4600 diligenter
353 4519 386 4581 et
401 4513 536 4600 provide
551 4513 644 4582 iuxta
661 4514 773 4581 datam
790 4512 851 4579 tibi
867 4528 909 4576 ex
925 4509 994 4578 alto
1012 4508 1216 4596 prudentiam

78 4624 280 4710 exequaris,
299 4622 386 4707 quod
402 4622 444 4692 de
459 4623 524 4690 tuis
540 4621 696 4691 studiosis
712 4619 900 4704 laboribus,
924 4636 1066 4704 superna
1083 4617 1218 4686 iuventa

940 4727 1008 4796 23*
