3142 5170
737 365 739 370 ·
816 351 968 464 ec.

325 553 413 634 ceri,
437 544 627 618 Beatissimi
654 545 824 615 llicbaelis
848 546 1049 633 Archangeli
1076 547 1279 618 lionasterio
1295 549 1460 620 videlicet
1556 593 1557 598 κ

323 655 560 743 Vesprimiensi
585 655 710 724 donare
725 653 880 740 volebat,
905 653 1023 739 etjam
1040 655 1146 724 eide·
1164 656 1313 726 Ecclesia
1329 678 1456 727 revera

322 767 507 836 contulerat
515 815 525 850 ,
541 771 636 850 prout
651 769 793 852 poterat,
810 782 875 830 non
890 763 1071 848 immerito,
1100 765 1186 834 sicut
1201 767 1453 852 possessionem

319 893 378 941 seu
392 873 505 940 villam
520 892 578 941 sue
602 891 743 957 persone
769 871 923 940 absolute
949 872 1127 960 donatam,
1152 874 1333 960 cuicunque
1356 876 1453 946 vole-

319 983 377 1049 bat
392 999 532 1067 persone
546 979 684 1065 private,
702 979 808 1045 eciam
824 979 858 1046 iu
875 979 947 1067 ejus
964 980 1102 1050 servicio
1119 982 1344 1069 obsequioque
1368 1005 1452 1054 con·
1556 1019 1557 1036 ,

319 1089 450 1168 stitute,
476 1088 531 1158 rel
554 1087 583 1153 si
607 1087 726 1171 vellet,
752 1087 903 1156 ldoclesie
927 1089 1152 1173 cujuscunque
1176 1090 1302 1176 partis,
1321 1091 1366 1158 cd
1396 1095 1452 1160 sui

320 1203 434 1284 posset
449 1193 693 1279 beneplacitum
709 1193 897 1262 condonare
922 1195 1026 1262 libere
1050 1201 1084 1263 et
1099 1213 1235 1281 secure,
1253 1199 1354 1264 sicuti
1369 1218 1453 1285 pos·
1556 1185 1557 1232 ;

321 1305 504 1372 sessionem
531 1320 591 1369 sue
625 1319 765 1387 persone
790 1299 1024 1368 liberalissime
1055 1301 1268 1386 disposicioni
1298 1307 1451 1373 commis-

320 1431 402 1496 sam,
417 1411 546 1478 instans
562 1408 776 1494 propensius,
796 1413 833 1474 ut
849 1407 1032 1495 predictam
1048 1426 1142 1476 suam
1158 1409 1376 1478 donacionem
1394 1434 1449 1484 ve-

321 1519 466 1588 uerabili
490 1517 727 1604 vesprimiensi
753 1515 900 1584 Ecclesie
926 1517 1049 1584 factam
1060 1567 1070 1602 ,
1087 1516 1198 1584 adbuc
1213 1526 1329 1588 nostro
1345 1524 1448 1608 priui-
1556 1547 1557 1608 q

321 1627 410 1713 legio
426 1625 587 1709 stabilire,
604 1623 790 1710 ratificare,
815 1645 875 1692 seu
892 1625 1085 1693 confirmare
1102 1627 1209 1697 denuo
1225 1627 1448 1713 dignaremur.

321 1735 460 1820 Nosque
477 1733 625 1820 ejusdem
642 1739 784 1818 cognate
800 1739 912 1802 nostre
923 1732 1118 1802 charissime
1128 1735 1358 1822 peticionibus,
1369 1736 1447 1805 dum

320 1844 472 1925 uiuimus,
490 1841 757 1910 condescendere
772 1841 956 1928 cupientes,
982 1841 1166 1928 predictam
1195 1844 1309 1912 villam
1338 1845 1446 1913 Beren

319 1952 461 2036 nomine,
478 1969 578 2038 supra
593 1949 716 2036 pluries
733 1959 957 2038 memoratam,
975 1970 1035 2020 seu
1046 1949 1263 2020 donacionem
1274 1953 1317 2021 de
1328 1953 1445 2020 eadem

319 2057 454 2144 lactum,
470 2056 652 2126 venerabili
670 2056 911 2142 vesprimiensi
937 2057 1107 2143 lleclesie,
1123 2063 1160 2124 ut
1174 2057 1297 2125 dictam
1312 2080 1446 2145 posses-

321 2167 446 2234 sionem
463 2165 581 2232 eadem
598 2163 752 2231 Ecclesia
769 2163 1004 2232 inviolabiliter
1020 2184 1151 2250 semper
1177 2169 1209 2230 et
1224 2166 1357 2235 immota
1373 2187 1446 2254 pos·

320 2273 438 2355 sideat,
457 2278 489 2340 ct
503 2289 645 2360 peream
658 2271 914 2356 vesprimiensis
931 2273 1080 2340 Ecclesia
1096 2273 1300 2359 Propositus,
1318 2277 1374 2360 qui
1386 2297 1446 2362 pro

319 2387 464 2467 ternpore
480 2377 578 2446 fuerit
595 2379 628 2444 iu
645 2377 720 2464 ipsa
736 2379 961 2464 Propositura,
980 2381 1158 2448 secundum
1170 2387 1280 2450 return
1300 2391 1446 2469 cognate

318 2494 430 2556 nostre
455 2486 666 2565 charissime,
692 2487 740 2554 sic
767 2486 919 2556 Ecclesia
944 2487 1172 2576 condonantis,
1189 2490 1276 2574 quod
1292 2513 1355 2577 per
1371 2513 1445 2561 eam

318 2595 507 2685 Prepesitc,
535 2614 594 2662 seu
615 2593 824 2679 Prepositure
851 2595 940 2663 dicta
956 2595 1126 2682 possessio
1144 2597 1338 2664 conferatur
1347 2651 1357 2685 ,
1375 2607 1408 2666 et
1423 2619 1446 2664 a

316 2703 423 2788 nobis,
440 2709 537 2788 prout
552 2701 628 2786 ipsa
644 2701 835 2788 contulerat,
854 2701 950 2770 modo
967 2702 1069 2768 simili
1084 2701 1238 2770 ratificari
1255 2705 1442 2773 iustanoius

316 2810 527 2896 postulantis,
544 2809 708 2894 presentis
724 2809 829 2878 nostri
841 2810 1005 2896 privilegij
1023 2811 1110 2878 serie
1127 2811 1302 2880 valituram
1321 2813 1355 2880 in
1370 2833 1444 2900 per-

316 2925 448 3004 petuum
474 2919 665 2985 roboramus
690 2923 804 2986 nostre
829 2925 973 3004 cognate
999 2917 1195 2987 charissime
1211 2919 1447 3006 donacionem,

317 3025 405 3094 sicut
420 3025 607 3111 expostulat
623 3031 771 3094 sanctam
798 3033 832 3094 et
858 3025 981 3094 iustum
997 3027 1176 3094 secundum
1193 3028 1243 3094 sui
1259 3029 1369 3097 cordia
1385 3030 1445 3097 de-

318 3134 475 3202 siderium
491 3139 647 3217 quantum
664 3153 837 3219 possumus
855 3134 1099 3220 confirmantes,
1111 3143 1143 3201 et
1160 3137 1350 3222 specialiter
1359 3137 1446 3203 Ves-

316 3241 485 3330 primiensi
503 3241 669 3328 Ecclesie,
695 3260 736 3308 ea
752 3241 956 3326 potissimum
974 3243 1117 3328 racione,
1135 3243 1213 3328 quia
1228 3243 1447 3328 plurimorum

316 3349 526 3417 bonestorum
552 3347 713 3432 virorum,
731 3351 763 3413 et
778 3347 963 3416 solennium
988 3368 1198 3436 personarum
1226 3350 1375 3420 veridica
1393 3373 1450 3420 re·

315 3457 446 3526 lacione
462 3457 690 3543 comperimus,
708 3456 797 3541 quod
813 3456 892 3524 olim
916 3458 1038 3527 nobilis
1058 3463 1090 3524 et
1115 3458 1292 3543 magnilica
1308 3456 1452 3528 domina

315 3565 420 3634 Maria
435 3566 563 3651 Regina
579 3565 750 3651 Hungarie
766 3564 874 3634 felicis
890 3567 1152 3650 recordacionis,
1181 3587 1315 3634 consors
1337 3568 1450 3653 Regis

315 3675 395 3740 Bele
411 3674 568 3743 memorie
584 3671 760 3741 recolende
777 3673 917 3742 eandem
934 3675 1049 3742 villam
1067 3677 1172 3742 Beren
1184 3675 1315 3743 nomine
1331 3673 1451 3742 eidem

315 3782 465 3848 Ecclesia
483 3780 717 3868 vesprimiensi
735 3800 794 3850 sue
809 3781 851 3850 ob
867 3783 1044 3850 remedium
1061 3783 1453 3868 auimeoondonaucrat,

315 3905 388 3955 com
405 3897 437 3958 et
452 3890 486 3956 in
501 3891 584 3958 villa
599 3891 717 3958 eudem
732 3893 842 3958 Bereu
857 3892 991 3962 nomine
1011 3889 1268 3978 vesprimiensis
1284 3889 1454 3959 Ecclesia

314 3997 558 4066 condicionales
568 3997 700 4085 babeat,
713 4005 907 4084 etmaguam
919 4000 1008 4067 illius
1024 3999 1181 4084 territorij
1193 3998 1388 4084 porcionem
1403 4001 1455 4065 ab

315 4104 549 4186 antiquissimis
560 4104 772 4194 temporibus,
783 4113 883 4190 atque
893 4127 915 4174 a
926 4107 1031 4192 prima
1047 4107 1098 4174 sui
1109 4105 1306 4174 fundacione
1318 4104 1456 4174 llccle·

314 4211 562 4297 siesupradicte
578 4249 621 4262 -
636 4247 692 4299 —,
703 4233 815 4282 verum
826 4214 860 4282 in
872 4213 1098 4282 destruccione
1110 4212 1367 4302 vesprimiensis
1382 4213 1458 4280 Ec·

313 4319 424 4402 cleric,
441 4319 642 4406 prohdolor,
659 4322 780 4388 nostris
795 4319 830 4388 iu
846 4321 1047 4409 temporibus
1070 4321 1174 4402 facta,
1191 4318 1372 4406 priuilegia
1391 4343 1460 4392 su-

312 4446 373 4512 per
387 4426 447 4494 illa
464 4428 649 4496 donacione
667 4429 829 4513 confecta,
847 4449 921 4495 oum
938 4427 1089 4496 omnibns
1104 4425 1259 4496 Ecclesia
1286 4427 1397 4495 rebus
1419 4437 1461 4497 et

313 4533 516 4603 ornamentis
532 4535 629 4602 uobis
646 4535 826 4603 scientibus
842 4541 953 4604 omnia
971 4536 1064 4604 luere
1082 4536 1215 4620 direpta
1224 4585 1234 4620 ,
1250 4540 1283 4600 et
1298 4535 1460 4624 amissa,

312 4640 489 4725 dequibus
506 4639 671 4724 quoddam
687 4643 895 4727 privilegium
911 4647 1060 4724 scissum,
1077 4644 1184 4710 minus
1201 4642 1297 4728 quasi
1314 4641 1460 4714 efficax
