3142 5164
345 1111 405 1196 35)
431 1109 571 1198 Apcipo
596 1105 730 1193 tntisper
755 1102 1033 1190 captatelam«,
1060 1103 1143 1193 boyy
1161 1127 1182 1170 a
1197 1105 1386 1176 lustratum
1403 1113 1474 1178 leve

345 1219 542 1305 sacmdtyeket
552 1215 718 1282 calceent
727 1214 871 1280 natoldni
880 1211 1157 1301 tllrodoyteleasdpe
1167 1215 1232 1280 olel
1235 1214 1467 1301 felmentbeeae.

451 1414 611 1483 Nicotaus
636 1413 818 1498 Episcopus
843 1430 961 1480 seruus
988 1429 1157 1478 seruorum
1183 1412 1258 1496 Dei,
1285 1418 1468 1483 venerabili

344 1525 439 1593 tratri
464 1524 616 1608 Philippo
641 1523 806 1606 Episcopo
833 1521 989 1586 Firmano
1016 1519 1209 1604 Apostolice
1225 1521 1321 1588 Sedis
1338 1523 1468 1610 Legato

344 1637 480 1702 salutem
507 1639 540 1700 et
563 1631 788 1718 Apostolicum
814 1629 1085 1696 benedictionem.
1104 1630 1233 1696 (inmte
1251 1631 1293 1698 ad
1312 1629 1468 1718 Ungarie

343 1743 491 1824 Polonie,
508 1739 688 1823 Dalmatis,
705 1737 845 1818 Oroatis,
863 1737 977 1822 Rome,
989 1738 1111 1820 Servie,
1124 1735 1328 1822 Lodomerie,
1344 1739 1466 1808 Galitie

341 1858 374 1916 et
400 1850 559 1916 Cumanis
575 1855 707 1934 partes,
723 1846 783 1913 tibi
800 1847 971 1914 commisso
989 1846 1070 1912 inibi
1086 1845 1184 1930 plene
1201 1848 1382 1931 legationis
1398 1849 1465 1915 olli-

341 1961 393 2026 cio
410 1979 469 2044 pro
485 1957 598 2024 arduis
615 1955 754 2040 negotiis
776 1955 973 2022 destinemus
995 1977 1002 2018 :
1019 1975 1079 2020 nos
1096 1963 1206 2022 autern
1232 1957 1381 2026 volentes
1405 1959 1462 2024 ho·

340 2087 457 2134 norare
481 2083 654 2150 personam
680 2069 712 2129 et
737 2083 797 2148 per·
811 2063 967 2131 bonorem
983 2063 1044 2130 tibi
1059 2063 1240 2130 exhibitum
1258 2066 1336 2132 aliis
1355 2069 1464 2151 prori-
1486 2130 1489 2134 .

342 2178 430 2255 dere,
456 2171 669 2261 dispensandi
687 2191 756 2240 cum
778 2173 907 2238 clericis
923 2179 977 2238 tue
994 2172 1174 2257 legationis
1191 2171 1233 2238 de
1251 2175 1358 2240 soluto
1375 2174 1464 2257 geni-

342 2287 386 2351 tis
404 2293 435 2352 et
451 2285 558 2351 soluta
576 2281 738 2350 deiectum
754 2281 913 2348 natalium
924 2281 1130 2366 patientibus
1146 2281 1360 2366 generaliter,
1378 2282 1464 2367 quod

340 2411 451 2462 eornm
480 2390 619 2477 quilibet
644 2391 828 2458 huiusmodi
844 2411 910 2458 non
928 2390 1080 2458 obstante
1097 2387 1229 2458 delectu
1247 2391 1281 2457 in
1297 2390 1461 2476 susceptis

339 2504 527 2568 ministrare
552 2499 742 2582 ordinibus,
768 2499 952 2584 promoveri
981 2497 1026 2566 ad
1052 2499 1258 2583 superiores,
1276 2508 1310 2566 et
1325 2499 1464 2586 simplex

339 2610 600 2676 ecclesiasticum
617 2607 818 2693 beneficium,
836 2607 967 2674 ducenti
984 2627 1062 2675 vero
1073 2608 1263 2676 clericorum
1275 2607 1461 2674 eorumdem

339 2739 413 2785 cum
432 2737 519 2802 cura,
538 2727 668 2784 centum
686 2735 762 2782 vero
779 2716 960 2802 dignitates
978 2715 1062 2782 citra
1078 2715 1311 2801 Episcopalem
1322 2717 1374 2782 vel
1391 2735 1461 2800 per·

339 2831 486 2907 renatus,
514 2825 631 2910 viginti
656 2841 734 2892 vero
759 2825 800 2892 de
826 2823 1016 2907 presbiteris
1043 2829 1075 2889 et
1098 2823 1285 2890 constitutis
1307 2823 1341 2887 in
1358 2824 1461 2890 sacris

337 2931 529 3016 ordinibus,
555 2933 665 2998 decem
683 2932 724 2997 de
741 2932 925 3016 adulterio,
944 2931 1057 2998 decem
1076 2931 1118 2998 de
1134 2929 1342 3016 regularibus
1359 2935 1392 2998 et
1408 2953 1461 3000 se·
1564 2951 1565 2968 ¹

338 3050 427 3132 ptem
455 3043 496 3109 de
512 3040 709 3108 incestuosis
725 3040 846 3127 geniti,
863 3040 934 3108 sine
952 3058 1030 3106 eura
1047 3039 1197 3106 obtinere
1213 3039 1353 3126 possint,
1369 3039 1460 3106 dum·
1564 3053 1565 3128 ξ

337 3152 432 3219 modo
458 3149 673 3216 consideratis
703 3147 957 3215 circumstantiis
984 3145 1166 3231 universis,
1185 3165 1248 3228 que
1265 3146 1356 3213 circa
1371 3147 1462 3213 litte·

337 3281 447 3326 rarum
473 3257 697 3346 ydonielatem
725 3274 934 3340 personarum
958 3253 1080 3322 iruerint
1105 3253 1325 3338 attendenda,
1353 3259 1386 3321 et
1413 3255 1462 3321 illi

336 3388 401 3434 non
428 3369 495 3434 sint
520 3373 656 3452 paterne
684 3363 914 3432 incontinentia
937 3369 1131 3447 sectatores,
1148 3363 1207 3430 sed
1224 3363 1308 3430 bone
1325 3383 1460 3431 conver-

336 3475 477 3545 sationis
495 3481 527 3541 et
542 3475 627 3558 vite,
645 3473 796 3558 aliusque
812 3474 875 3540 sibi
892 3475 1010 3540 merita
1025 3471 1255 3556 suffragantur,
1274 3493 1373 3558 snper
1389 3473 1461 3555 qui·

335 3585 394 3651 bus
407 3591 497 3649 tuam
514 3582 710 3650 intendimus
727 3581 959 3649 conscientiam
976 3601 1125 3662 onerare,
1143 3580 1186 3646 ad
1198 3579 1461 3666 dispensationis

335 3695 476 3776 gratiam
493 3689 716 3772 obtinendam,
733 3697 828 3774 prout
843 3690 1022 3757 seeundum
1048 3688 1154 3754 Deum
1171 3689 1354 3755 animarum
1370 3689 1461 3776 ipso·

334 3820 404 3867 rum
431 3801 532 3868 saluti
557 3798 679 3866 videris
699 3799 865 3884 expedire,
882 3799 1015 3884 plenam
1033 3798 1096 3864 tibi
1112 3797 1307 3865 auctoritate
1323 3815 1461 3883 presen-

334 3908 414 3974 tium
429 3907 636 3974 concedimus
647 3904 854 3990 facultatem3
871 3907 1003 3991 proviso
1018 3906 1106 3990 quod
1116 3904 1254 3990 quilibet
1264 3905 1461 3973 clericorum

336 4015 527 4082 eorumdem
552 4013 598 4083 ad
625 4015 778 4100 ordines,
805 4023 900 4101 prout
924 4017 1068 4098 requuet
1092 4031 1176 4080 onus
1192 4011 1349 4096 beneficii,
1367 4012 1462 4095 quod

336 4143 409 4192 eum
427 4129 504 4210 post
521 4125 803 4212 dispensationem
820 4123 1009 4191 huiusmodi
1027 4123 1174 4192 obtinere
1186 4121 1370 4208 contigerit,
1386 4129 1462 4189 sta·

333 4234 414 4299 tutia
430 4234 630 4318 temporibus
645 4253 682 4302 se
698 4231 801 4302 iaciat
817 4232 1015 4319 promoveri,
1032 4239 1065 4300 et
1080 4231 1244 4318 presbiter
1259 4227 1410 4298 resideat
1425 4231 1463 4298 in

333 4339 459 4407 eodem.
485 4339 605 4407 Datum
631 4339 771 4409 Viterbii
795 4340 839 4408 X.
866 4339 1036 4408 Kalendas
1063 4337 1226 4426 Octobris,
1241 4335 1462 4407 Pontificatns

333 4449 436 4516 nostri
453 4464 539 4518 anuo
557 4447 672 4536 primo.

430 4607 492 4684 (111.
505 4608 613 4666 Mitrida
626 4607 702 4680 papa
714 4607 913 4682 Regestdibbl,
926 4607 1052 4669 'Phainer
1065 4609 1103 4666 id
1116 4607 1187 4666 ml.
1200 4609 1231 4670 k.
1243 4607 1306 4665 835.
1319 4607 1352 4681 l.)

764 4781 823 4792 n---
831 4784 1023 4795 mnan-...oa—
