3142 5170
104 1161 148 1226 Aa
163 1151 286 1248 ordrtlyi‘
307 1163 465 1246 lcitptolan
490 1159 749 1248 bizoopcdplcoalc
774 1180 854 1226 arou
879 1159 1093 1244 accubaret,
1110 1159 1220 1248 mclyct

104 1269 195 1334 Prltcr·
210 1267 331 1354 adopt
340 1269 466 1357 pttepb'lc
481 1269 584 1334 Jdrtos
606 1266 768 1354 kdfcropo
780 1269 937 1333 maturet
952 1289 991 1332 aa
1015 1271 1115 1332 ottoni
1129 1277 1223 1354 temp

140 1374 202 1440 lom
218 1376 415 1461 torccpocclr
429 1377 462 1439 6⁸
470 1373 629 1460 salciccle
638 1373 839 1461 feidpttdre'rc
854 1376 946 1439 udzve
960 1374 1066 1440 kb'tdtt.
1085 1377 1181 1440 1287.

203 1572 274 1640 Nos
300 1569 489 1657 (lapitulnm
514 1571 663 1640 Ecclesia
688 1567 785 1640 Beati
816 1569 989 1639 Michaelis
1020 1569 1219 1654 Archangeli

102 1679 339 1748 Transeilnane
362 1678 517 1748 memorie
542 1679 814 1748 commendantes
830 1683 943 1748 tenore
957 1678 1163 1765 presencium
1179 1679 1222 1748 si·

102 1789 294 1874 gnificamus
312 1787 431 1871 quibus
458 1789 593 1873 expedit
617 1788 799 1872 uniuersis,
827 1787 913 1870 qnod
928 1788 1086 1868 magister
1101 1787 1223 1856 Johan-

99 1917 154 1966 nes
169 1893 317 1981 lapicida
330 1895 418 1962 filius
433 1894 581 1980 Tynonis
607 1893 648 1961 de
666 1895 801 1961 ciuitate
825 1894 939 1964 Sancti
965 1913 988 1961 a
1014 1894 1083 1962 Deo
1100 1893 1170 1962 dati
1186 1895 1220 1960 in

101 2004 229 2092 propria
245 2023 389 2090 persona
406 2022 515 2069 coram
533 2003 630 2072 nobis
647 2004 852 2086 constitutus,
879 2009 1035 2088 expecto
1051 2000 1131 2069 inito
1148 2022 1222 2068 cum

98 2111 387 2197 venerabilipatre
402 2111 533 2180 domino
550 2111 585 2178 P.
602 2111 776 2196 Episcopo,
793 2110 924 2178 Prelato
950 2115 1064 2178 nostro
1091 2108 1219 2195 obliga·

100 2221 145 2288 nit
160 2239 197 2289 se
224 2221 427 2288 clenaturum
442 2239 567 2287 murum
592 2220 733 2287 ecclesie
758 2225 882 2299 nostre,
899 2215 1055 2284 uidelicet
1080 2218 1224 2286 ecclesie

98 2329 189 2396 Beati
204 2325 377 2396 Michaelis
393 2327 591 2413 Archangeli
607 2333 640 2395 et
655 2327 760 2414 ipsius
785 2327 865 2393 muri
881 2325 1094 2408 adiacencia‚
1122 2331 1219 2412 prout

97 2437 263 2504 columnae
279 2433 377 2503 simul
393 2453 466 2502 curn
482 2435 563 2501 turri
572 2453 631 2501 seu
647 2433 825 2518 campanili
835 2432 925 2499 intus
941 2437 976 2498 et
991 2432 1137 2500 exterius
1149 2451 1222 2500 curn

98 2543 267 2631 lapidibus
283 2543 404 2628 politis,
416 2549 529 2628 preter
544 2543 732 2610 interiorem
748 2546 877 2626 partem
894 2541 992 2608 turris
1009 2559 1030 2605 a
1047 2546 1140 2623 parte
1158 2559 1224 2607 me-

100 2651 265 2738 ridionali‚
282 2651 444 2738 incipiens
461 2651 504 2718 ab
521 2651 657 2734 antiquo
673 2669 782 2736 opere,
800 2655 832 2716 et
848 2645 1070 2718 continuando
1087 2647 1150 2731 ipsi
1166 2668 1223 2715 an·

97 2761 186 2846 tique
213 2761 308 2845 operi
335 2761 427 2827 iuxta
451 2759 594 2829 hostium
605 2808 615 2844 ‚
641 2779 699 2845 per
714 2756 802 2841 quod
817 2757 969 2826 dominus
985 2753 1172 2842 Episcopus
1188 2757 1222 2822 in

98 2869 272 2937 ecclesium
289 2867 412 2934 intrare
429 2867 524 2953 solet,
542 2875 575 2933 et
592 2868 624 2932 in
641 2886 733 2932 suum
750 2864 858 2934 redire
874 2866 1051 2952 palacium,
1068 2867 1102 2932 in
1119 2884 1160 2933 ea
1175 2865 1221 2932 al-

97 2977 236 3043 titudine
262 2976 296 3041 in
322 2980 413 3058 toto,
439 2975 472 3041 in
499 2993 564 3056 qua
581 2991 691 3042 murus
708 2973 811 3060 ipsius
828 2973 967 3042 ecclesie
984 2993 1084 3062 super
1101 2971 1222 3040 dictum

95 3083 235 3153 hostium
251 3101 310 3168 per
328 3085 499 3166 antiquum
518 3101 599 3168 opus
616 3081 744 3150 exstitit
760 3081 910 3150 eleuatns
927 3101 986 3168 pro
1004 3080 1221 3168 quinkaginta

94 3191 215 3260 marcis
232 3189 398 3258 terrestris
415 3189 554 3277 argenti,
572 3196 605 3256 et
619 3190 754 3259 minoris
771 3187 936 3274 ponderis,
949 3189 1119 3274 dequibus
1131 3187 1222 3274 qnin-

94 3299 236 3385 kaginta
252 3300 382 3382 marcis,
400 3299 548 3385 predicto
573 3299 733 3384 magistro
749 3297 779 3365 J.
806 3296 939 3366 racione
965 3297 1136 3366 cuiusdam
1161 3298 1218 3366 ho·

94 3407 219 3493 micidij
237 3407 305 3474 alio
322 3405 376 3472 die
393 3407 478 3474 nlbe
492 3406 673 3492 perpetrati
700 3405 787 3471 idem
804 3405 956 3472 dominus
972 3405 1168 3491 Episcopus,
1186 3404 1220 3473 in

94 3513 265 3582 memorati
290 3514 398 3600 operis
416 3513 606 3582 incoacione
621 3513 721 3582 solvit
737 3519 811 3583 octo
827 3532 975 3596 marcas,
992 3513 1074 3580 etin
1090 3519 1159 3582 toto
1176 3515 1219 3580 ei·

93 3621 165 3691 dem
180 3623 344 3708 magistro
369 3622 401 3690 J.
428 3621 605 3705 complebit
627 3621 663 3688 in
681 3619 827 3688 terminis
844 3619 1075 3705 infrascriptis.
1092 3622 1120 3687 l
1136 3618 1218 3688 data

92 3730 247 3799 videlicet
264 3730 472 3816 presencium
488 3748 591 3814 usqne
607 3735 744 3799 cctam
760 3729 881 3797 Passce
897 3727 1037 3812 singulis
1053 3728 1221 3796 mensibus

92 3840 239 3924 singulas
256 3857 385 3907 marcas
402 3839 580 3924 persolvet,
597 3838 631 3904 in
641 3839 724 3925 ipsis
742 3837 830 3904 enim
846 3835 971 3906 octavis
988 3837 1112 3904 Passce
1128 3834 1221 3904 dabit

90 3965 148 4014 sex
163 3966 307 4032 marcas,
328 3947 362 4011 in
379 3947 505 4016 octavis
521 3946 737 4014 Ascensionis
754 3943 885 4014 Domini
901 3943 1015 4012 decern
1030 3963 1171 4030 marcas,
1187 3944 1222 4012 in

89 4051 171 4122 ieslo
187 4056 287 4122 Beati
302 4053 466 4122 Johannis
483 4053 634 4138 Baptiste
658 4053 776 4121 iterum
793 4051 908 4118 decem
924 4069 1065 4137 marcas,
1082 4052 1115 4118 in
1132 4051 1219 4124 festo

90 4163 183 4230 Beati
209 4161 330 4230 Jacobi
356 4161 506 4247 Apostoli
529 4160 680 4230 residuas
696 4159 811 4228 decern
828 4177 958 4228 marcas
975 4162 1125 4245 proxime
1142 4179 1218 4228 ven·

89 4271 190 4357 turis,
217 4271 267 4339 ita
282 4278 406 4355 temen,
428 4271 517 4354 qnod
534 4271 564 4338 si
580 4269 663 4340 torto
679 4270 764 4337 idem
780 4267 939 4354 magister
954 4268 1120 4338 lohannes
1137 4288 1220 4355 opus

89 4397 179 4447 suum
195 4382 277 4446 ante
302 4379 377 4464 ipsa
401 4383 553 4464 tempora
579 4379 738 4465 perficere
764 4377 897 4465 poterit,
918 4377 1068 4446 dominus
1085 4376 1219 4463 Episco-

89 4507 147 4572 pns
163 4487 318 4554 similiter
334 4494 412 4554 ante
428 4486 543 4554 eadem
560 4492 711 4572 tempora
737 4486 955 4569 quantitatem
971 4491 1149 4552 memorate
1166 4502 1219 4568 pe·
1282 4569 1295 4586 ι

90 4599 188 4682 cunis,
204 4595 336 4662 scilicet
352 4596 498 4680 ipsarum
515 4593 755 4679 quinquaginta
770 4611 954 4663 marcarum
971 4594 1033 4660 eibi
1053 4591 1220 4660 tenebitur
