<?xml version="1.0" encoding="UTF-8"?>
<!DOCTYPE html PUBLIC "-//W3C//DTD XHTML 1.0 Transitional//EN"
    "http://www.w3.org/TR/xhtml1/DTD/xhtml1-transitional.dtd">
<html xmlns="http://www.w3.org/1999/xhtml" xml:lang="en" lang="en">
 <head>
  <title>
</title>
<meta http-equiv="Content-Type" content="text/html;charset=utf-8" />
  <meta name='ocr-system' content='tesseract 3.04.00' />
  <meta name='ocr-capabilities' content='ocr_page ocr_carea ocr_par ocr_line ocrx_word'/>
</head>
<body>
  <div class='ocr_page' id='page_1' title='image "./codexdiplomatic08wenzgoog_0272.png"; bbox 0 0 3142 5164; ppageno 0'>
   <div class='ocr_carea' id='block_1_1' title="bbox 336 1151 1464 1350">
    <p class='ocr_par' dir='ltr' id='par_1_1' title="bbox 336 1151 1464 1350">
     <span class='ocr_line' id='line_1_1' title="bbox 336 1151 1463 1242; baseline -0.004 -20"><span class='ocrx_word' id='word_1_1' title='bbox 336 1153 397 1222; x_wconf 90' lang='lat' dir='ltr'><strong>IV.</strong></span> <span class='ocrx_word' id='word_1_2' title='bbox 415 1151 546 1222; x_wconf 69' lang='lat' dir='ltr'><strong>norton</strong></span> <span class='ocrx_word' id='word_1_3' title='bbox 555 1157 648 1242; x_wconf 75' lang='lat' dir='ltr'><strong>pdpa</strong></span> <span class='ocrx_word' id='word_1_4' title='bbox 664 1157 684 1220; x_wconf 93' lang='lat' dir='ltr'><strong><em>I</em></strong></span> <span class='ocrx_word' id='word_1_5' title='bbox 689 1153 723 1220; x_wconf 89' lang='lat' dir='ltr'><strong>V.</strong></span> <span class='ocrx_word' id='word_1_6' title='bbox 740 1154 856 1220; x_wconf 73' lang='lat' dir='ltr'><strong>Lducld</strong></span> <span class='ocrx_word' id='word_1_7' title='bbox 877 1175 1011 1242; x_wconf 78' lang='lat' dir='ltr'><strong>mapyar</strong></span> <span class='ocrx_word' id='word_1_8' title='bbox 1033 1151 1154 1241; x_wconf 76' lang='lat' dir='ltr'><strong>kirutyr</strong></span> <span class='ocrx_word' id='word_1_9' title='bbox 1172 1155 1358 1242; x_wconf 78' lang='lat' dir='ltr'><strong>biatccttja,</strong></span> <span class='ocrx_word' id='word_1_10' title='bbox 1385 1154 1463 1240; x_wconf 80' lang='lat' dir='ltr'><strong>bcpp</strong></span> 
     </span>
     <span class='ocr_line' id='line_1_2' title="bbox 336 1261 1464 1350; baseline -0.002 -22"><span class='ocrx_word' id='word_1_11' title='bbox 336 1262 461 1350; x_wconf 71' lang='lat' dir='ltr'><strong>uebdnp</strong></span> <span class='ocrx_word' id='word_1_12' title='bbox 470 1261 685 1348; x_wconf 67' lang='lat' dir='ltr'><strong>pescocanale</strong></span> <span class='ocrx_word' id='word_1_13' title='bbox 700 1263 804 1349; x_wconf 73' lang='lat' dir='ltr'><strong>Fctup</strong></span> <span class='ocrx_word' id='word_1_14' title='bbox 823 1261 948 1348; x_wconf 80' lang='lat' dir='ltr'><strong>fermoc&#39;</strong></span> <span class='ocrx_word' id='word_1_15' title='bbox 966 1261 1093 1350; x_wconf 77' lang='lat' dir='ltr'><strong>ptiapb‘lc</strong></span> <span class='ocrx_word' id='word_1_16' title='bbox 1109 1263 1141 1326; x_wconf 74' lang='lat'><strong>6³</strong></span> <span class='ocrx_word' id='word_1_17' title='bbox 1160 1263 1297 1348; x_wconf 80' lang='lat' dir='ltr'><strong>apostoli</strong></span> <span class='ocrx_word' id='word_1_18' title='bbox 1312 1262 1405 1326; x_wconf 70' lang='lat' dir='ltr'><strong>tucca</strong></span> <span class='ocrx_word' id='word_1_19' title='bbox 1421 1262 1464 1326; x_wconf 79' lang='lat' dir='ltr'><strong>cl-</strong></span> 
     </span>
    </p>
   </div>
   <div class='ocr_carea' id='block_1_2' title="bbox 338 1369 1465 1544">
    <p class='ocr_par' dir='ltr' id='par_1_2' title="bbox 338 1369 1465 1544">
     <span class='ocr_line' id='line_1_3' title="bbox 338 1369 1465 1460; baseline -0.004 -24"><span class='ocrx_word' id='word_1_20' title='bbox 338 1369 398 1436; x_wconf 76' lang='lat' dir='ltr'><strong>tuda&#39;</strong></span> <span class='ocrx_word' id='word_1_21' title='bbox 412 1371 606 1452; x_wconf 74' lang='lat' dir='ltr'><strong>kiceceztac,</strong></span> <span class='ocrx_word' id='word_1_22' title='bbox 634 1395 656 1438; x_wconf 88' lang='lat' dir='ltr'><strong>c</strong></span> <span class='ocrx_word' id='word_1_23' title='bbox 670 1392 805 1460; x_wconf 70' lang='lat' dir='ltr'><strong>mappae·</strong></span> <span class='ocrx_word' id='word_1_24' title='bbox 830 1371 940 1458; x_wconf 73' lang='lat' dir='ltr'><strong>kircly</strong></span> <span class='ocrx_word' id='word_1_25' title='bbox 960 1371 1093 1459; x_wconf 68' lang='lat' dir='ltr'><strong>applicui</strong></span> <span class='ocrx_word' id='word_1_26' title='bbox 1116 1370 1319 1458; x_wconf 71' lang='lat' dir='ltr'><strong>ctdjopctnck</strong></span> <span class='ocrx_word' id='word_1_27' title='bbox 1343 1370 1465 1434; x_wconf 76' lang='lat' dir='ltr'><strong>kdrdrc</strong></span> 
     </span>
     <span class='ocr_line' id='line_1_4' title="bbox 765 1476 1038 1544; baseline -0.004 -1"><span class='ocrx_word' id='word_1_28' title='bbox 765 1500 835 1543; x_wconf 70' lang='lat' dir='ltr'><strong>aaa</strong></span> <span class='ocrx_word' id='word_1_29' title='bbox 851 1476 923 1544; x_wconf 79' lang='lat' dir='ltr'><strong>lona.</strong></span> <span class='ocrx_word' id='word_1_30' title='bbox 940 1481 958 1543; x_wconf 78' lang='grc' dir='ltr'><em>Ι</em></span> <span class='ocrx_word' id='word_1_31' title='bbox 962 1479 1038 1542; x_wconf 86' lang='grc'><strong><em>282.</em></strong></span> 
     </span>
    </p>
   </div>
   <div class='ocr_carea' id='block_1_3' title="bbox 338 1671 1554 4246">
    <p class='ocr_par' dir='ltr' id='par_1_3' title="bbox 338 1671 1554 4246">
     <span class='ocr_line' id='line_1_5' title="bbox 446 1671 1465 1763; baseline -0.005 -21"><span class='ocrx_word' id='word_1_32' title='bbox 446 1673 602 1742; x_wconf 83' lang='lat' dir='ltr'><strong>Martinus</strong></span> <span class='ocrx_word' id='word_1_33' title='bbox 620 1673 804 1763; x_wconf 74' lang='lat' dir='ltr'><strong>Episcopus</strong></span> <span class='ocrx_word' id='word_1_34' title='bbox 829 1695 946 1744; x_wconf 89' lang='lat' dir='ltr'><strong>seruus</strong></span> <span class='ocrx_word' id='word_1_35' title='bbox 964 1693 1133 1742; x_wconf 91' lang='lat' dir='ltr'><strong>seruorum</strong></span> <span class='ocrx_word' id='word_1_36' title='bbox 1149 1671 1212 1741; x_wconf 82' lang='lat' dir='ltr'><strong>Dei</strong></span> <span class='ocrx_word' id='word_1_37' title='bbox 1239 1673 1417 1740; x_wconf 89' lang='lat' dir='ltr'><strong>carissimo</strong></span> <span class='ocrx_word' id='word_1_38' title='bbox 1436 1673 1465 1738; x_wconf 91' lang='lat' dir='ltr'><strong>in</strong></span> 
     </span>
     <span class='ocr_line' id='line_1_6' title="bbox 339 1781 1460 1870; baseline -0.006 -20"><span class='ocrx_word' id='word_1_39' title='bbox 339 1781 467 1852; x_wconf 77' lang='lat' dir='ltr'><strong>Christo</strong></span> <span class='ocrx_word' id='word_1_40' title='bbox 484 1781 550 1849; x_wconf 90' lang='lat' dir='ltr'><strong>lilio</strong></span> <span class='ocrx_word' id='word_1_41' title='bbox 568 1782 724 1852; x_wconf 85' lang='lat' dir='ltr'><strong>Ladislac</strong></span> <span class='ocrx_word' id='word_1_42' title='bbox 750 1785 831 1870; x_wconf 82' lang='lat' dir='ltr'><strong>Regi</strong></span> <span class='ocrx_word' id='word_1_43' title='bbox 849 1783 994 1870; x_wconf 85' lang='lat' dir='ltr'><strong>Ungarie</strong></span> <span class='ocrx_word' id='word_1_44' title='bbox 1019 1783 1141 1850; x_wconf 88' lang='lat' dir='ltr'><strong>Illustri</strong></span> <span class='ocrx_word' id='word_1_45' title='bbox 1158 1783 1298 1849; x_wconf 92' lang='lat' dir='ltr'><strong>salutem</strong></span> <span class='ocrx_word' id='word_1_46' title='bbox 1324 1789 1360 1848; x_wconf 91' lang='lat' dir='ltr'><strong>et</strong></span> <span class='ocrx_word' id='word_1_47' title='bbox 1377 1785 1460 1866; x_wconf 84' lang='lat' dir='ltr'><strong>Apo·</strong></span> 
     </span>
     <span class='ocr_line' id='line_1_7' title="bbox 339 1890 1464 1979; baseline -0.002 -21"><span class='ocrx_word' id='word_1_48' title='bbox 339 1892 490 1958; x_wconf 86' lang='lat' dir='ltr'><strong>stolicam</strong></span> <span class='ocrx_word' id='word_1_49' title='bbox 516 1890 785 1960; x_wconf 72' lang='lat' dir='ltr'>benedictionem.</span> <span class='ocrx_word' id='word_1_50' title='bbox 821 1895 909 1961; x_wconf 83' lang='lat' dir='ltr'>Sicut</span> <span class='ocrx_word' id='word_1_51' title='bbox 934 1900 1086 1978; x_wconf 84' lang='lat' dir='ltr'><strong>porrecta</strong></span> <span class='ocrx_word' id='word_1_52' title='bbox 1109 1893 1204 1960; x_wconf 91' lang='lat' dir='ltr'><strong>nobis</strong></span> <span class='ocrx_word' id='word_1_53' title='bbox 1231 1911 1271 1958; x_wconf 88' lang='lat' dir='ltr'><strong>cx</strong></span> <span class='ocrx_word' id='word_1_54' title='bbox 1287 1899 1386 1979; x_wconf 84' lang='lat' dir='ltr'><strong>parte</strong></span> <span class='ocrx_word' id='word_1_55' title='bbox 1412 1899 1464 1957; x_wconf 87' lang='lat' dir='ltr'><strong>tna</strong></span> 
     </span>
     <span class='ocr_line' id='line_1_8' title="bbox 339 1999 1463 2086; baseline 0.001 -23"><span class='ocrx_word' id='word_1_56' title='bbox 339 1999 452 2084; x_wconf 88' lang='lat' dir='ltr'><strong>petitio</strong></span> <span class='ocrx_word' id='word_1_57' title='bbox 481 1999 677 2082; x_wconf 90' lang='lat' dir='ltr'><strong>continebat,</strong></span> <span class='ocrx_word' id='word_1_58' title='bbox 695 2001 897 2069; x_wconf 86' lang='lat' dir='ltr'><strong>venerabilis</strong></span> <span class='ocrx_word' id='word_1_59' title='bbox 913 2002 1015 2069; x_wconf 86' lang='lat' dir='ltr'><strong>irater</strong></span> <span class='ocrx_word' id='word_1_60' title='bbox 1026 2008 1138 2069; x_wconf 87' lang='lat' dir='ltr'><strong>noster</strong></span> <span class='ocrx_word' id='word_1_61' title='bbox 1153 2000 1325 2086; x_wconf 88' lang='lat' dir='ltr'><strong>Philippus</strong></span> <span class='ocrx_word' id='word_1_62' title='bbox 1335 1999 1463 2064; x_wconf 84' lang='lat' dir='ltr'><strong>Firma·</strong></span> 
     </span>
     <span class='ocr_line' id='line_1_9' title="bbox 338 2107 1462 2194; baseline 0.002 -24"><span class='ocrx_word' id='word_1_63' title='bbox 338 2123 401 2173; x_wconf 88' lang='lat' dir='ltr'><strong>nus</strong></span> <span class='ocrx_word' id='word_1_64' title='bbox 419 2107 621 2194; x_wconf 70' lang='lat' dir='ltr'><strong>Episcopus,</strong></span> <span class='ocrx_word' id='word_1_65' title='bbox 646 2119 722 2175; x_wconf 92' lang='lat' dir='ltr'><strong>tune</strong></span> <span class='ocrx_word' id='word_1_66' title='bbox 748 2111 873 2175; x_wconf 92' lang='lat' dir='ltr'><strong>inillis</strong></span> <span class='ocrx_word' id='word_1_67' title='bbox 899 2109 1051 2194; x_wconf 87' lang='lat' dir='ltr'><strong>partibus</strong></span> <span class='ocrx_word' id='word_1_68' title='bbox 1078 2109 1270 2194; x_wconf 88' lang='lat' dir='ltr'><strong>Apostolice</strong></span> <span class='ocrx_word' id='word_1_69' title='bbox 1287 2107 1389 2174; x_wconf 87' lang='lat' dir='ltr'><strong>Sedis</strong></span> <span class='ocrx_word' id='word_1_70' title='bbox 1408 2109 1462 2172; x_wconf 88' lang='lat' dir='ltr'><strong>Le·</strong></span> 
     </span>
     <span class='ocr_line' id='line_1_10' title="bbox 340 2217 1463 2304; baseline 0.002 -26"><span class='ocrx_word' id='word_1_71' title='bbox 340 2219 449 2297; x_wconf 79' lang='lat' dir='ltr'><strong>gatus,</strong></span> <span class='ocrx_word' id='word_1_72' title='bbox 468 2219 705 2302; x_wconf 69' lang='lat' dir='ltr'><strong>suspensione,</strong></span> <span class='ocrx_word' id='word_1_73' title='bbox 723 2217 810 2300; x_wconf 89' lang='lat' dir='ltr'><strong>quod</strong></span> <span class='ocrx_word' id='word_1_74' title='bbox 826 2219 897 2304; x_wconf 87' lang='lat' dir='ltr'><strong>ipse</strong></span> <span class='ocrx_word' id='word_1_75' title='bbox 915 2219 949 2284; x_wconf 95' lang='lat' dir='ltr'><strong>in</strong></span> <span class='ocrx_word' id='word_1_76' title='bbox 960 2237 1135 2302; x_wconf 83' lang='lat' dir='ltr'><strong>porsonam</strong></span> <span class='ocrx_word' id='word_1_77' title='bbox 1148 2224 1246 2300; x_wconf 89' lang='lat' dir='ltr'><strong>tuam,</strong></span> <span class='ocrx_word' id='word_1_78' title='bbox 1263 2235 1463 2300; x_wconf 86' lang='lat' dir='ltr'><strong>quamquam</strong></span> 
     </span>
     <span class='ocr_line' id='line_1_11' title="bbox 339 2322 1463 2412; baseline -0.001 -24"><span class='ocrx_word' id='word_1_79' title='bbox 339 2329 415 2406; x_wconf 90' lang='lat' dir='ltr'><strong>post</strong></span> <span class='ocrx_word' id='word_1_80' title='bbox 432 2322 688 2408; x_wconf 87' lang='lat' dir='ltr'><strong>appellationem</strong></span> <span class='ocrx_word' id='word_1_81' title='bbox 715 2346 774 2412; x_wconf 89' lang='lat' dir='ltr'><strong>pro</strong></span> <span class='ocrx_word' id='word_1_82' title='bbox 792 2331 885 2412; x_wconf 85' lang='lat' dir='ltr'><strong>parte</strong></span> <span class='ocrx_word' id='word_1_83' title='bbox 901 2335 958 2392; x_wconf 87' lang='lat' dir='ltr'><strong>tna</strong></span> <span class='ocrx_word' id='word_1_84' title='bbox 974 2323 1018 2393; x_wconf 89' lang='lat' dir='ltr'><strong>ad</strong></span> <span class='ocrx_word' id='word_1_85' title='bbox 1035 2325 1155 2392; x_wconf 79' lang='lat' dir='ltr'><strong>sedem</strong></span> <span class='ocrx_word' id='word_1_86' title='bbox 1171 2323 1402 2408; x_wconf 88' lang='lat' dir='ltr'><strong>Apostolieam</strong></span> <span class='ocrx_word' id='word_1_87' title='bbox 1420 2325 1463 2388; x_wconf 91' lang='lat' dir='ltr'><strong>lc-</strong></span> 
     </span>
     <span class='ocr_line' id='line_1_12' title="bbox 339 2427 1463 2517; baseline 0.002 -25"><span class='ocrx_word' id='word_1_88' title='bbox 339 2427 453 2512; x_wconf 79' lang='lat' dir='ltr'><strong>gitime</strong></span> <span class='ocrx_word' id='word_1_89' title='bbox 469 2429 695 2516; x_wconf 88' lang='lat' dir='ltr'><strong>interiectam,</strong></span> <span class='ocrx_word' id='word_1_90' title='bbox 721 2434 1072 2501; x_wconf 84' lang='lat' dir='ltr'><strong>excommunicationis</strong></span> <span class='ocrx_word' id='word_1_91' title='bbox 1098 2432 1295 2500; x_wconf 80' lang='lat' dir='ltr'><strong>sententiam</strong></span> <span class='ocrx_word' id='word_1_92' title='bbox 1322 2429 1463 2517; x_wconf 88' lang='lat' dir='ltr'><strong>promul·</strong></span> 
     </span>
     <span class='ocr_line' id='line_1_13' title="bbox 339 2537 1461 2626; baseline 0.003 -25"><span class='ocrx_word' id='word_1_93' title='bbox 339 2541 444 2620; x_wconf 83' lang='lat' dir='ltr'><strong>garet,</strong></span> <span class='ocrx_word' id='word_1_94' title='bbox 461 2537 495 2603; x_wconf 96' lang='lat' dir='ltr'><strong>in</strong></span> <span class='ocrx_word' id='word_1_95' title='bbox 511 2539 677 2606; x_wconf 91' lang='lat' dir='ltr'><strong>nonnullis</strong></span> <span class='ocrx_word' id='word_1_96' title='bbox 696 2541 801 2626; x_wconf 81' lang='lat' dir='ltr'><strong>Regni</strong></span> <span class='ocrx_word' id='word_1_97' title='bbox 816 2543 863 2607; x_wconf 93' lang='lat' dir='ltr'><strong>tui</strong></span> <span class='ocrx_word' id='word_1_98' title='bbox 881 2541 1041 2610; x_wconf 87' lang='lat' dir='ltr'><strong>Ecclesiis</strong></span> <span class='ocrx_word' id='word_1_99' title='bbox 1059 2547 1137 2607; x_wconf 87' lang='lat' dir='ltr'><strong>tnnc</strong></span> <span class='ocrx_word' id='word_1_100' title='bbox 1153 2539 1366 2620; x_wconf 87' lang='lat' dir='ltr'><strong>vacantibus,</strong></span> <span class='ocrx_word' id='word_1_101' title='bbox 1386 2557 1461 2620; x_wconf 89' lang='lat' dir='ltr'><strong>qna·</strong></span> 
     </span>
     <span class='ocr_line' id='line_1_14' title="bbox 340 2644 1462 2735; baseline 0.004 -29"><span class='ocrx_word' id='word_1_102' title='bbox 340 2661 410 2708; x_wconf 92' lang='lat' dir='ltr'><strong>rum</strong></span> <span class='ocrx_word' id='word_1_103' title='bbox 426 2644 588 2714; x_wconf 81' lang='lat' dir='ltr'><strong>Patronus</strong></span> <span class='ocrx_word' id='word_1_104' title='bbox 599 2645 728 2730; x_wconf 79' lang='lat' dir='ltr'><strong>existis,</strong></span> <span class='ocrx_word' id='word_1_105' title='bbox 746 2649 875 2733; x_wconf 86' lang='lat' dir='ltr'><strong>aliquos</strong></span> <span class='ocrx_word' id='word_1_106' title='bbox 887 2651 919 2716; x_wconf 89' lang='lat' dir='ltr'><strong>iu</strong></span> <span class='ocrx_word' id='word_1_107' title='bbox 937 2649 1109 2735; x_wconf 87' lang='lat' dir='ltr'><strong>plebanos,</strong></span> <span class='ocrx_word' id='word_1_108' title='bbox 1127 2649 1159 2714; x_wconf 93' lang='lat' dir='ltr'><strong>in</strong></span> <span class='ocrx_word' id='word_1_109' title='bbox 1172 2645 1369 2730; x_wconf 88' lang='lat' dir='ltr'><strong>quibusdam</strong></span> <span class='ocrx_word' id='word_1_110' title='bbox 1387 2665 1462 2712; x_wconf 85' lang='lat' dir='ltr'><strong>vero</strong></span> 
     </span>
     <span class='ocr_line' id='line_1_15' title="bbox 339 2749 1462 2842; baseline 0.004 -26"><span class='ocrx_word' id='word_1_111' title='bbox 339 2749 498 2819; x_wconf 88' lang='lat' dir='ltr'><strong>Rectores</strong></span> <span class='ocrx_word' id='word_1_112' title='bbox 523 2753 667 2822; x_wconf 88' lang='lat' dir='ltr'><strong>instituit</strong></span> <span class='ocrx_word' id='word_1_113' title='bbox 693 2764 763 2821; x_wconf 90' lang='lat' dir='ltr'><strong>ate</strong></span> <span class='ocrx_word' id='word_1_114' title='bbox 787 2759 919 2824; x_wconf 90' lang='lat' dir='ltr'><strong>minime</strong></span> <span class='ocrx_word' id='word_1_115' title='bbox 947 2761 1180 2842; x_wconf 87' lang='lat' dir='ltr'><strong>presentatos:</strong></span> <span class='ocrx_word' id='word_1_116' title='bbox 1205 2773 1307 2839; x_wconf 89' lang='lat' dir='ltr'><strong>quare</strong></span> <span class='ocrx_word' id='word_1_117' title='bbox 1331 2754 1462 2821; x_wconf 85' lang='lat' dir='ltr'><strong>anobis</strong></span> 
     </span>
     <span class='ocr_line' id='line_1_16' title="bbox 340 2855 1462 2952; baseline 0.003 -30"><span class='ocrx_word' id='word_1_118' title='bbox 340 2855 504 2927; x_wconf 89' lang='lat' dir='ltr'><strong>humiliter</strong></span> <span class='ocrx_word' id='word_1_119' title='bbox 519 2863 717 2948; x_wconf 86' lang='lat' dir='ltr'><strong>postulasti,</strong></span> <span class='ocrx_word' id='word_1_120' title='bbox 744 2871 778 2930; x_wconf 94' lang='lat' dir='ltr'><strong>ut</strong></span> <span class='ocrx_word' id='word_1_121' title='bbox 794 2865 967 2952; x_wconf 87' lang='lat' dir='ltr'><strong>providere</strong></span> <span class='ocrx_word' id='word_1_122' title='bbox 994 2867 1027 2930; x_wconf 94' lang='lat' dir='ltr'><strong>in</strong></span> <span class='ocrx_word' id='word_1_123' title='bbox 1044 2865 1107 2930; x_wconf 89' lang='lat' dir='ltr'><strong>bac</strong></span> <span class='ocrx_word' id='word_1_124' title='bbox 1131 2869 1226 2949; x_wconf 83' lang='lat' dir='ltr'><strong>parte</strong></span> <span class='ocrx_word' id='word_1_125' title='bbox 1242 2863 1321 2948; x_wconf 90' lang='lat' dir='ltr'><strong>tibi,</strong></span> <span class='ocrx_word' id='word_1_126' title='bbox 1345 2883 1388 2926; x_wconf 89' lang='lat' dir='ltr'><strong>ne</strong></span> <span class='ocrx_word' id='word_1_127' title='bbox 1406 2881 1462 2948; x_wconf 87' lang='lat' dir='ltr'><strong>per</strong></span> 
     </span>
     <span class='ocr_line' id='line_1_17' title="bbox 339 2965 1462 3059; baseline 0.002 -27"><span class='ocrx_word' id='word_1_128' title='bbox 339 2965 403 3035; x_wconf 87' lang='lat' dir='ltr'><strong>boc</strong></span> <span class='ocrx_word' id='word_1_129' title='bbox 419 2967 633 3055; x_wconf 87' lang='lat' dir='ltr'><strong>imposterum</strong></span> <span class='ocrx_word' id='word_1_130' title='bbox 659 2971 737 3040; x_wconf 89' lang='lat' dir='ltr'><strong>iuris</strong></span> <span class='ocrx_word' id='word_1_131' title='bbox 754 2973 802 3038; x_wconf 92' lang='lat' dir='ltr'><strong>tui</strong></span> <span class='ocrx_word' id='word_1_132' title='bbox 827 2972 886 3039; x_wconf 94' lang='lat' dir='ltr'><strong>tibi</strong></span> <span class='ocrx_word' id='word_1_133' title='bbox 913 2975 1132 3059; x_wconf 89' lang='lat' dir='ltr'><strong>competentis</strong></span> <span class='ocrx_word' id='word_1_134' title='bbox 1148 2971 1181 3036; x_wconf 94' lang='lat' dir='ltr'><strong>in</strong></span> <span class='ocrx_word' id='word_1_135' title='bbox 1206 2969 1290 3054; x_wconf 89' lang='lat' dir='ltr'><strong>ipsis</strong></span> <span class='ocrx_word' id='word_1_136' title='bbox 1306 2967 1462 3036; x_wconf 86' lang='lat' dir='ltr'><strong>Ecclesiis</strong></span> 
     </span>
     <span class='ocr_line' id='line_1_18' title="bbox 341 3075 1460 3168; baseline -0.001 -25"><span class='ocrx_word' id='word_1_137' title='bbox 341 3075 551 3160; x_wconf 85' lang='lat' dir='ltr'><strong>dispendium</strong></span> <span class='ocrx_word' id='word_1_138' title='bbox 575 3079 736 3163; x_wconf 84' lang='lat' dir='ltr'><strong>patiaris,</strong></span> <span class='ocrx_word' id='word_1_139' title='bbox 761 3081 803 3148; x_wconf 92' lang='lat' dir='ltr'><strong>de</strong></span> <span class='ocrx_word' id='word_1_140' title='bbox 819 3087 981 3168; x_wconf 88' lang='lat' dir='ltr'><strong>oportuno</strong></span> <span class='ocrx_word' id='word_1_141' title='bbox 1009 3077 1153 3147; x_wconf 89' lang='lat' dir='ltr'><strong>remedio</strong></span> <span class='ocrx_word' id='word_1_142' title='bbox 1178 3085 1317 3164; x_wconf 84' lang='lat' dir='ltr'><strong>paterna</strong></span> <span class='ocrx_word' id='word_1_143' title='bbox 1341 3077 1460 3144; x_wconf 91' lang='lat' dir='ltr'><strong>sollici·</strong></span> 
     </span>
     <span class='ocr_line' id='line_1_19' title="bbox 340 3181 1554 3273; baseline 0.004 -26"><span class='ocrx_word' id='word_1_144' title='bbox 340 3181 453 3248; x_wconf 86' lang='lat' dir='ltr'><strong>tudine</strong></span> <span class='ocrx_word' id='word_1_145' title='bbox 470 3205 668 3254; x_wconf 81' lang='lat' dir='ltr'><strong>enraremus.</strong></span> <span class='ocrx_word' id='word_1_146' title='bbox 694 3189 762 3256; x_wconf 86' lang='lat' dir='ltr'><strong>Nos</strong></span> <span class='ocrx_word' id='word_1_147' title='bbox 784 3187 897 3272; x_wconf 88' lang='lat' dir='ltr'><strong>itaque</strong></span> <span class='ocrx_word' id='word_1_148' title='bbox 923 3189 987 3254; x_wconf 89' lang='lat' dir='ltr'><strong>tuis</strong></span> <span class='ocrx_word' id='word_1_149' title='bbox 1012 3187 1310 3273; x_wconf 80' lang='lat' dir='ltr'><strong>supplicationibus</strong></span> <span class='ocrx_word' id='word_1_150' title='bbox 1336 3187 1461 3253; x_wconf 85' lang='lat' dir='ltr'><strong>favora-</strong></span> <span class='ocrx_word' id='word_1_151' title='bbox 1553 3263 1554 3272; x_wconf 8' lang='grc' dir='ltr'>ἵ</span> 
     </span>
     <span class='ocr_line' id='line_1_20' title="bbox 340 3287 1461 3380; baseline 0.005 -26"><span class='ocrx_word' id='word_1_152' title='bbox 340 3287 449 3357; x_wconf 87' lang='lat' dir='ltr'><strong>biliter</strong></span> <span class='ocrx_word' id='word_1_153' title='bbox 466 3301 659 3380; x_wconf 84' lang='lat' dir='ltr'><strong>annuentes,</strong></span> <span class='ocrx_word' id='word_1_154' title='bbox 676 3297 872 3362; x_wconf 86' lang='lat' dir='ltr'><strong>auctoritate</strong></span> <span class='ocrx_word' id='word_1_155' title='bbox 894 3296 954 3361; x_wconf 90' lang='lat' dir='ltr'><strong>tibi</strong></span> <span class='ocrx_word' id='word_1_156' title='bbox 971 3294 1173 3380; x_wconf 89' lang='lat' dir='ltr'><strong>presentium</strong></span> <span class='ocrx_word' id='word_1_157' title='bbox 1184 3293 1403 3378; x_wconf 82' lang='lat' dir='ltr'><strong>indulgemus,</strong></span> <span class='ocrx_word' id='word_1_158' title='bbox 1420 3303 1461 3375; x_wconf 83' lang='lat' dir='ltr'><strong>nt,</strong></span> 
     </span>
     <span class='ocr_line' id='line_1_21' title="bbox 340 3401 1553 3494; baseline 0.004 -31"><span class='ocrx_word' id='word_1_159' title='bbox 340 3401 509 3483; x_wconf 90' lang='lat' dir='ltr'><strong>premissis</strong></span> <span class='ocrx_word' id='word_1_160' title='bbox 527 3405 613 3470; x_wconf 82' lang='lat' dir='ltr'><strong>ueris</strong></span> <span class='ocrx_word' id='word_1_161' title='bbox 630 3405 871 3490; x_wconf 88' lang='lat' dir='ltr'><strong>existentibus,</strong></span> <span class='ocrx_word' id='word_1_162' title='bbox 886 3424 946 3490; x_wconf 91' lang='lat' dir='ltr'><strong>per</strong></span> <span class='ocrx_word' id='word_1_163' title='bbox 963 3405 1185 3472; x_wconf 85' lang='lat' dir='ltr'><strong>institutiones</strong></span> <span class='ocrx_word' id='word_1_164' title='bbox 1204 3403 1392 3470; x_wconf 90' lang='lat' dir='ltr'><strong>huiusmodi</strong></span> <span class='ocrx_word' id='word_1_165' title='bbox 1408 3409 1458 3468; x_wconf 87' lang='lat' dir='ltr'><strong>ta-</strong></span> <span class='ocrx_word' id='word_1_166' title='bbox 1552 3485 1553 3494; x_wconf 8' lang='grc' dir='ltr'>ἵ</span> 
     </span>
     <span class='ocr_line' id='line_1_22' title="bbox 340 3501 1553 3599; baseline 0.002 -26"><span class='ocrx_word' id='word_1_167' title='bbox 340 3507 416 3574; x_wconf 89' lang='lat' dir='ltr'><strong>liter</strong></span> <span class='ocrx_word' id='word_1_168' title='bbox 441 3507 549 3576; x_wconf 80' lang='lat' dir='ltr'><strong>lbctas</strong></span> <span class='ocrx_word' id='word_1_169' title='bbox 572 3509 606 3576; x_wconf 92' lang='lat' dir='ltr'><strong>in</strong></span> <span class='ocrx_word' id='word_1_170' title='bbox 633 3511 815 3599; x_wconf 88' lang='lat' dir='ltr'><strong>sepedictis</strong></span> <span class='ocrx_word' id='word_1_171' title='bbox 839 3513 998 3582; x_wconf 88' lang='lat' dir='ltr'><strong>Ecclesiis</strong></span> <span class='ocrx_word' id='word_1_172' title='bbox 1023 3513 1066 3578; x_wconf 87' lang='lat' dir='ltr'><strong>ab</strong></span> <span class='ocrx_word' id='word_1_173' title='bbox 1093 3511 1259 3599; x_wconf 82' lang='lat' dir='ltr'><strong>Episcopo</strong></span> <span class='ocrx_word' id='word_1_174' title='bbox 1285 3517 1462 3578; x_wconf 82' lang='lat' dir='ltr'><strong>memorato</strong></span> <span class='ocrx_word' id='word_1_175' title='bbox 1552 3501 1553 3513; x_wconf 17' lang='grc' dir='ltr'><strong>ἶ</strong></span> 
     </span>
     <span class='ocr_line' id='line_1_23' title="bbox 340 3615 1460 3707; baseline 0.003 -26"><span class='ocrx_word' id='word_1_176' title='bbox 340 3615 463 3682; x_wconf 91' lang='lat' dir='ltr'><strong>nullum</strong></span> <span class='ocrx_word' id='word_1_177' title='bbox 480 3617 547 3700; x_wconf 90' lang='lat' dir='ltr'><strong>tibi,</strong></span> <span class='ocrx_word' id='word_1_178' title='bbox 565 3615 671 3685; x_wconf 86' lang='lat' dir='ltr'><strong>tuisve</strong></span> <span class='ocrx_word' id='word_1_179' title='bbox 688 3621 937 3688; x_wconf 88' lang='lat' dir='ltr'><strong>suecessoribus</strong></span> <span class='ocrx_word' id='word_1_180' title='bbox 954 3619 1059 3707; x_wconf 91' lang='lat' dir='ltr'><strong>possit</strong></span> <span class='ocrx_word' id='word_1_181' title='bbox 1077 3619 1230 3705; x_wconf 84' lang='lat' dir='ltr'><strong>generari</strong></span> <span class='ocrx_word' id='word_1_182' title='bbox 1248 3619 1460 3706; x_wconf 86' lang='lat' dir='ltr'><strong>preludicinm</strong></span> 
     </span>
     <span class='ocr_line' id='line_1_24' title="bbox 339 3723 1552 3814; baseline 0.005 -26"><span class='ocrx_word' id='word_1_183' title='bbox 339 3723 393 3789; x_wconf 87' lang='lat' dir='ltr'><strong>vel</strong></span> <span class='ocrx_word' id='word_1_184' title='bbox 409 3724 616 3793; x_wconf 89' lang='lat' dir='ltr'><strong>obstaculum</strong></span> <span class='ocrx_word' id='word_1_185' title='bbox 626 3725 801 3814; x_wconf 86' lang='lat' dir='ltr'><strong>interponi,</strong></span> <span class='ocrx_word' id='word_1_186' title='bbox 813 3729 997 3811; x_wconf 90' lang='lat' dir='ltr'><strong>quominus,</strong></span> <span class='ocrx_word' id='word_1_187' title='bbox 1014 3728 1164 3811; x_wconf 90' lang='lat' dir='ltr'><strong>quotiens</strong></span> <span class='ocrx_word' id='word_1_188' title='bbox 1185 3728 1353 3795; x_wconf 83' lang='lat' dir='ltr'><strong>Ecclesiae</strong></span> <span class='ocrx_word' id='word_1_189' title='bbox 1372 3727 1462 3811; x_wconf 83' lang='lat' dir='ltr'><strong>ipsas</strong></span> <span class='ocrx_word' id='word_1_190' title='bbox 1551 3725 1552 3749; x_wconf 67' lang='lat'>¹</span> 
     </span>
     <span class='ocr_line' id='line_1_25' title="bbox 339 3833 1460 3922; baseline 0.004 -26"><span class='ocrx_word' id='word_1_191' title='bbox 339 3849 460 3898; x_wconf 87' lang='lat' dir='ltr'><strong>uacare</strong></span> <span class='ocrx_word' id='word_1_192' title='bbox 476 3835 649 3918; x_wconf 76' lang='lat' dir='ltr'><strong>contigerit</strong></span> <span class='ocrx_word' id='word_1_193' title='bbox 659 3885 669 3918; x_wconf 98' lang='lat'><strong>,</strong></span> <span class='ocrx_word' id='word_1_194' title='bbox 686 3834 729 3904; x_wconf 85' lang='lat' dir='ltr'><strong>ad</strong></span> <span class='ocrx_word' id='word_1_195' title='bbox 746 3855 804 3902; x_wconf 88' lang='lat' dir='ltr'><strong>eas</strong></span> <span class='ocrx_word' id='word_1_196' title='bbox 823 3836 958 3903; x_wconf 88' lang='lat' dir='ltr'><strong>idoneas</strong></span> <span class='ocrx_word' id='word_1_197' title='bbox 976 3855 1146 3922; x_wconf 86' lang='lat' dir='ltr'><strong>personas,</strong></span> <span class='ocrx_word' id='word_1_198' title='bbox 1166 3843 1262 3921; x_wconf 90' lang='lat' dir='ltr'><strong>prout</strong></span> <span class='ocrx_word' id='word_1_199' title='bbox 1279 3833 1322 3901; x_wconf 90' lang='lat' dir='ltr'><strong>ad</strong></span> <span class='ocrx_word' id='word_1_200' title='bbox 1338 3843 1371 3900; x_wconf 91' lang='lat' dir='ltr'><strong>te</strong></span> <span class='ocrx_word' id='word_1_201' title='bbox 1389 3855 1460 3921; x_wconf 89' lang='lat' dir='ltr'><strong>per·-</strong></span> 
     </span>
     <span class='ocr_line' id='line_1_26' title="bbox 339 3897 1551 4028; baseline 0.003 -23"><span class='ocrx_word' id='word_1_202' title='bbox 339 3937 430 4023; x_wconf 86' lang='lat' dir='ltr'><strong>tinet,</strong></span> <span class='ocrx_word' id='word_1_203' title='bbox 447 3947 481 4008; x_wconf 89' lang='lat' dir='ltr'><strong>ct</strong></span> <span class='ocrx_word' id='word_1_204' title='bbox 498 3943 668 4010; x_wconf 89' lang='lat' dir='ltr'><strong>consueuit</strong></span> <span class='ocrx_word' id='word_1_205' title='bbox 685 3941 846 4010; x_wconf 85' lang='lat' dir='ltr'><strong>hactenus</strong></span> <span class='ocrx_word' id='word_1_206' title='bbox 863 3943 944 4027; x_wconf 89' lang='lat' dir='ltr'><strong>fiori,</strong></span> <span class='ocrx_word' id='word_1_207' title='bbox 962 3951 1180 4028; x_wconf 82' lang='lat' dir='ltr'><strong>representes.</strong></span> <span class='ocrx_word' id='word_1_208' title='bbox 1198 3943 1288 4010; x_wconf 85' lang='lat' dir='ltr'><strong>Nulli</strong></span> <span class='ocrx_word' id='word_1_209' title='bbox 1304 3963 1383 4027; x_wconf 82' lang='lat' dir='ltr'><strong>ergo</strong></span> <span class='ocrx_word' id='word_1_210' title='bbox 1400 3951 1461 4009; x_wconf 90' lang='lat' dir='ltr'><strong>etc.</strong></span> <span class='ocrx_word' id='word_1_211' title='bbox 1550 3897 1551 3987; x_wconf 59' lang='lat' dir='ltr'><strong>d</strong></span> 
     </span>
     <span class='ocr_line' id='line_1_27' title="bbox 340 4050 1550 4137; baseline 0.003 -25"><span class='ocrx_word' id='word_1_212' title='bbox 340 4054 453 4112; x_wconf 89' lang='lat' dir='ltr'><strong>nostre</strong></span> <span class='ocrx_word' id='word_1_213' title='bbox 470 4051 690 4118; x_wconf 81' lang='lat' dir='ltr'><strong>concessionis</strong></span> <span class='ocrx_word' id='word_1_214' title='bbox 717 4059 779 4118; x_wconf 88' lang='lat' dir='ltr'><strong>etc.</strong></span> <span class='ocrx_word' id='word_1_215' title='bbox 796 4051 915 4116; x_wconf 83' lang='lat' dir='ltr'><strong>Datum</strong></span> <span class='ocrx_word' id='word_1_216' title='bbox 933 4051 1020 4137; x_wconf 87' lang='lat' dir='ltr'><strong>apud</strong></span> <span class='ocrx_word' id='word_1_217' title='bbox 1048 4050 1408 4118; x_wconf 85' lang='lat' dir='ltr'><strong>Mentem-Flasccnem</strong></span> <span class='ocrx_word' id='word_1_218' title='bbox 1426 4051 1461 4116; x_wconf 89' lang='lat' dir='ltr'><strong>V.</strong></span> <span class='ocrx_word' id='word_1_219' title='bbox 1549 4061 1550 4090; x_wconf 44' lang='lat' dir='ltr'><strong>i</strong></span> 
     </span>
     <span class='ocr_line' id='line_1_28' title="bbox 340 4153 1399 4246; baseline 0.002 -26"><span class='ocrx_word' id='word_1_220' title='bbox 340 4153 501 4222; x_wconf 84' lang='lat' dir='ltr'><strong>kalendas</strong></span> <span class='ocrx_word' id='word_1_221' title='bbox 526 4159 739 4243; x_wconf 85' lang='lat' dir='ltr'><strong>Septembris.</strong></span> <span class='ocrx_word' id='word_1_222' title='bbox 757 4158 986 4240; x_wconf 82' lang='lat' dir='ltr'><strong>(Pontificatus</strong></span> <span class='ocrx_word' id='word_1_223' title='bbox 1004 4157 1127 4246; x_wconf 90' lang='lat' dir='ltr'><strong>nostri)</strong></span> <span class='ocrx_word' id='word_1_224' title='bbox 1144 4179 1231 4227; x_wconf 89' lang='lat' dir='ltr'><strong>auno</strong></span> <span class='ocrx_word' id='word_1_225' title='bbox 1247 4160 1399 4226; x_wconf 90' lang='lat' dir='ltr'><strong>secundo.</strong></span> 
     </span>
    </p>
   </div>
   <div class='ocr_carea' id='block_1_4' title="bbox 430 4347 1370 4427">
    <p class='ocr_par' dir='ltr' id='par_1_4' title="bbox 430 4283 1549 4459">
     <span class='ocr_line' id='line_1_29' title="bbox 430 4347 1370 4427; baseline -0.013 -6"><span class='ocrx_word' id='word_1_226' title='bbox 430 4347 490 4420; x_wconf 73' lang='lat' dir='ltr'>(IV-</span> <span class='ocrx_word' id='word_1_227' title='bbox 503 4347 617 4408; x_wconf 71' lang='lat' dir='ltr'><strong>fflrton</strong></span> <span class='ocrx_word' id='word_1_228' title='bbox 630 4351 708 4426; x_wconf 75' lang='lat' dir='ltr'><strong>pdpa</strong></span> <span class='ocrx_word' id='word_1_229' title='bbox 720 4353 908 4427; x_wconf 77' lang='lat' dir='ltr'><strong>Regcsssibcl</strong></span> <span class='ocrx_word' id='word_1_230' title='bbox 921 4355 1046 4411; x_wconf 80' lang='lat' dir='ltr'><strong>Theincr</strong></span> <span class='ocrx_word' id='word_1_231' title='bbox 1058 4353 1095 4408; x_wconf 88' lang='lat' dir='ltr'><strong>id.</strong></span> <span class='ocrx_word' id='word_1_232' title='bbox 1108 4371 1144 4408; x_wconf 90' lang='lat' dir='ltr'><strong>m.</strong></span> <span class='ocrx_word' id='word_1_233' title='bbox 1158 4354 1179 4409; x_wconf 90' lang='lat' dir='ltr'><strong>l.</strong></span> <span class='ocrx_word' id='word_1_234' title='bbox 1192 4353 1251 4409; x_wconf 80' lang='lat' dir='ltr'><strong>kur.</strong></span> <span class='ocrx_word' id='word_1_235' title='bbox 1264 4349 1323 4407; x_wconf 79' lang='lat'>350.</span> <span class='ocrx_word' id='word_1_236' title='bbox 1338 4349 1370 4410; x_wconf 92' lang='grc' dir='ltr'><strong>Ι.)</strong></span> 
     </span>
    </p>
   </div>
   <div class='ocr_carea' id='block_1_5' title="bbox 0 0 1581 5164">
    <p class='ocr_par' dir='ltr' id='par_1_5' title="bbox 0 0 1581 5164">
     <span class='ocr_line' id='line_1_30' title="bbox 0 0 1581 5164; baseline 0 0"><span class='ocrx_word' id='word_1_237' title='bbox 0 0 1581 5164; x_wconf 95' lang='lat' dir='ltr'><strong> </strong></span> 
     </span>
    </p>
   </div>
  </div>
 </body>
</html>
