3142 5164
822 305 933 412 -..20⁶
962 406 981 412 ,

449 499 559 586 Igitur
583 519 644 568 nos
673 502 816 586 receptis
840 503 924 586 ipsis
950 503 1069 571 litteris
1095 510 1128 570 et
1145 505 1274 590 plenius
1301 503 1455 591 perlectis,

340 612 476 677 easdem
502 617 570 676 tum
595 628 637 674 en
653 608 765 677 forma
792 611 895 695 sigilli
920 613 1023 678 nostri
1048 613 1186 698 prioris,
1210 619 1279 679 tum
1305 613 1407 679 scium
1422 611 1455 678 de

339 716 434 785 modo
460 717 628 802 dictandi,
653 737 749 801 quom
776 719 991 803 tenebamus,
1020 725 1052 785 et
1075 723 1218 786 maxime
1242 741 1303 807 per
1328 721 1454 787 relacio·

338 847 413 892 nem
439 846 498 893 seu
522 827 753 894 recitacionem
781 827 998 911 quorumdam
1018 829 1154 897 fratrum
1180 835 1365 897 nostrorum
1389 837 1456 895 tunc

343 935 501 1020 temporis
516 935 550 1000 in
565 935 783 1004 ordinacione
809 943 842 1002 et
858 937 1100 1022 composicione
1125 940 1160 1006 in
1176 936 1266 1007 facto
1284 941 1453 1024 possessio-

345 1042 397 1108 nis
413 1041 630 1128 personaliter
646 1045 883 1121 oximensium,
908 1052 941 1112 ct
958 1045 1143 1131 hujusmodi
1169 1055 1376 1114 contractum
1399 1066 1454 1111 me-

344 1153 523 1219 morialiter
549 1153 764 1220 retineucium
791 1159 920 1222 nostras
955 1154 1083 1222 litteras
1110 1155 1271 1240 legittime
1299 1153 1451 1223 confectas

345 1279 419 1326 esse
444 1268 740 1346 recognoscentes,
777 1260 960 1347 predictum
986 1264 1092 1329 eciam
1117 1263 1258 1350 Ughud,
1293 1263 1453 1332 occasione
1535 1247 1536 1302 l

345 1369 438 1454 cujus
462 1368 668 1454 priuilegium
693 1375 839 1438 nostrum
864 1375 942 1438 tunc
966 1373 1127 1458 temporis
1154 1392 1220 1438 non
1246 1371 1309 1439 tuit
1333 1390 1452 1440 conces·
1535 1369 1536 1394 i

345 1497 427 1560 sum,
451 1477 560 1545 carnis
576 1478 720 1546 debitum
737 1480 772 1546 in
793 1482 975 1564 puerilibus
993 1482 1090 1548 annis
1106 1478 1295 1548 exsoluisse
1313 1481 1453 1556 scientes,

344 1585 513 1672 predictas
529 1587 658 1654 litteras
685 1595 816 1655 nostras
835 1591 876 1656 de
893 1591 995 1657 verbo
1013 1589 1055 1655 ad
1073 1590 1206 1658 verbum
1224 1589 1362 1656 rescribi
1385 1584 1452 1653 iaci-

346 1695 431 1762 endo
456 1697 662 1780 presentibus
688 1695 790 1763 inseri
813 1697 951 1764 fecimus
977 1706 1010 1764 et
1044 1695 1228 1784 patrocinio
1254 1699 1355 1765 nostri
1386 1695 1453 1763 noni
1535 1705 1536 1792 l

346 1803 446 1888 sigilli
472 1805 674 1871 communiri.
699 1803 820 1871 Datum
836 1827 923 1874 anuo
941 1806 1073 1873 Domini
1101 1807 1197 1872 1279.
1214 1807 1357 1874 Abraam
1380 1808 1451 1874 Gan·
1535 1795 1536 1874 i

346 1915 433 1993 tore,
459 1911 600 1980 Hectore
625 1913 783 1998 hectore,
808 1915 909 2000 Myko
927 1915 1074 1984 Custode
1092 1916 1242 1984 Ecclesie
1269 1922 1377 1984 nostre
1396 1911 1450 1978 eni·

346 2020 517 2086 stcntibus.
590 2055 591 2058 π

346 2231 512 2306 (Kaprinsy
524 2232 650 2291 kdzirati
663 2235 919 2309 gydjtemdnydbb'l
931 2237 957 2291 4.
970 2235 1005 2293 Β.
1021 2237 1044 2292 Ι.
1062 2238 1121 2292 lrbt.
1135 2239 1168 2292 31
1182 2236 1226 2291 32.
1239 2237 1270 2291 ll.
1288 2235 1332 2290 An
1344 2230 1452 2302 clmdny

466 2324 621 2381 lrivonatdt
633 2326 697 2382 ldsd
710 2325 845 2400 Fejdrue'l
858 2325 929 2382 Ccd.
942 2325 1022 2399 Dipl.
1035 2328 1071 2384 V.
1085 2327 1145 2382 lor.
1159 2331 1186 2384 2.
1199 2345 1221 2381 r.
1235 2327 1300 2381 592.
1313 2321 1343 2396 l.)

772 2615 1042 2628 ..ψ-...ῃ

870 3197 949 3266 123.

346 3417 465 3501 Jacob,
480 3415 584 3484 Jonos
600 3417 631 3481 cr
646 3414 755 3480 Endrc
770 3413 850 3501 prdf
861 3415 969 3480 Jckob
976 3415 1042 3500 fiai
1060 3417 1106 3495 20
1121 3414 1366 3480 mdrkoezttstb'n
1381 3407 1450 3474 clod·

339 3525 405 3610 jdlr
420 3547 442 3588 a
461 3523 614 3610 porrorryr'
638 3522 795 3608 kdptalan
821 3521 896 3588 clb'tt
911 3523 1042 3608 Mutyce
1057 3525 1089 3588 ds
1104 3521 1204 3588 Zolod
1221 3523 1373 3610 possonyi
1394 3520 1452 3582 odr-
1535 3535 1536 3538 ¹

340 3631 588 3718 jobbdpyolcnak
603 3629 808 3716 Pozsonpban
824 3627 891 3696 lculi
908 3629 1025 3696 szobcd
1050 3629 1188 3696 lelbtlket
1204 3633 1235 3696 e's
1249 3627 1388 3714 cze'plolci
1402 3625 1452 3690 ειδ-
1535 3701 1536 3738 3

787 3739 911 3827 lrjtlkct.
928 3741 1026 3804 1279.

454 3958 625 4028 Vniuersis
642 3957 765 4028 (lhrisli
788 3954 941 4025 fidelibus
963 3965 1138 4043 presentes
1155 3953 1284 4022 litteras
1310 3953 1456 4039 inspectu·
1535 3955 1536 3978 ³

347 4067 393 4136 ris
409 4065 599 4152 Capitulum
614 4069 766 4137 Ecclesie
792 4067 1007 4136 Posonieusis
1030 4067 1169 4133 salutem
1186 4063 1221 4130 in
1239 4061 1391 4128 Domino.
1414 4054 1456 4122 ld
1535 4035 1536 4082 ¹

347 4178 569 4244 uniuersorum
586 4177 740 4244 noticiam
757 4183 871 4243 tenore
886 4176 1094 4262 presencium
1111 4175 1267 4242 volumus
1287 4169 1454 4257 peruenire,
1535 4233 1536 4238 ,

349 4285 435 4368 quod
461 4285 646 4354 constitutis
664 4305 770 4351 coram
787 4283 882 4354 nobis
905 4285 1033 4352 Mathis
1050 4291 1083 4350 et
1098 4283 1199 4350 chsd
1223 4281 1303 4350 filiis
1328 4273 1456 4346 Herohcl
1535 4315 1536 4380 p

349 4395 391 4462 dc
406 4395 569 4463 Werekne
578 4443 588 4476 ,
609 4393 845 4480 jobsgicnibus
860 4395 969 4461 (lastri
986 4392 1200 4462 Posonieusis
1216 4392 1261 4458 cb
1277 4409 1341 4455 nna
1360 4391 1454 4474 parte5

353 4503 489 4590 Iacobo,
506 4503 659 4573 Johsnne
676 4511 710 4569 et
720 4505 853 4572 Andrea
868 4505 946 4572 filiis
959 4503 1096 4571 Comitis
1112 4501 1230 4571 Jcoobi
1246 4499 1308 4566 tilii
1322 4497 1454 4582 Woyuus
1535 4507 1536 4586 p

349 4613 392 4684 dc
409 4611 513 4692 Suur,
538 4611 580 4678 ab
606 4613 732 4695 sltera;
749 4609 853 4678 iidem
878 4611 1046 4697 lacobus,
1073 4611 1246 4682 lohannes
1272 4615 1307 4675 et
1322 4605 1457 4676 Andreas
