3142 5170
102 1026 247 1092 macta
262 1025 410 1113 kirdlynd
431 1024 683 1114 heipbenlcopya,
709 1027 787 1115 dopy
812 1029 1025 1116 naqybcrdnyi
1049 1028 1225 1117 ladijott-

102 1137 199 1222 dpyai
223 1157 244 1197 α
269 1135 438 1221 adaprant
462 1133 635 1222 cpyddzlcoa
660 1133 923 1202 assecutiones
947 1136 1102 1222 mapclcot.
1129 1139 1224 1202 1289.

209 1333 279 1403 Nos
296 1334 332 1400 Ε.
351 1331 412 1399 Dei
428 1334 542 1418 gracia
558 1333 687 1418 Regina
699 1333 870 1416 Hungarie
892 1335 1045 1405 memorie
1063 1355 1222 1401 commen·

100 1441 215 1510 mutes
232 1442 452 1526 significamus
468 1444 628 1510 universis
659 1443 777 1526 quibus
794 1443 926 1530 expedit
943 1443 1145 1529 presencium
1166 1463 1226 1528 per

100 1556 254 1634 tenorem,
267 1549 353 1634 quod
362 1550 504 1616 discreto
515 1552 585 1619 viro
596 1551 752 1634 magistro
763 1551 951 1621 Andronico
963 1551 1225 1638 Wesprimiensis

99 1660 250 1730 Ecclesie
265 1659 437 1745 Proposito
452 1658 495 1725 ab
512 1666 701 1746 caeparia,
718 1669 752 1728 et
761 1660 890 1731 Jacobo
907 1661 973 1729 filio
983 1662 1104 1749 Chede,
1114 1661 1225 1729 Marco

99 1771 260 1852 Nicolao‚
287 1775 319 1834 et
335 1768 507 1836 Dominico
533 1769 691 1837 fratribus
707 1769 875 1856 ejusdem,
901 1767 978 1838 item
996 1769 1142 1838 Bothisio
1158 1767 1226 1836 lilio

99 1878 304 1962 Salumbutlr,
321 1879 435 1962 Paulo,
453 1885 485 1944 et
502 1877 670 1944 Demetrio
690 1877 845 1945 fratribus
871 1877 1010 1964 predicti
1027 1877 1225 1964 Bothisijsi-

99 1988 220 2054 militer
236 1987 277 2052 do
295 1987 562 2070 villaNogberen
580 2006 620 2053 ex
636 1986 751 2066 altera,
770 2007 880 2055 coram
896 1988 992 2054 nobis
1008 1987 1226 2073 personaliter

100 2097 299 2180 constitutis,
316 2091 445 2180 (iidem)
463 2097 668 2163 concorditer
685 2097 876 2181 retulerunt,
896 2097 983 2180 quod
998 2096 1078 2162 licet
1093 2101 1224 2177 terram,

98 2225 156 2273 seu
168 2205 280 2300 uillam
294 2209 439 2270 nostram
450 2203 625 2286 Nogbcren
636 2211 786 2271 vocatam
799 2204 948 2271 Ecclesia
961 2202 1223 2289 Wesprimiensi‚

97 2317 164 2380 imo
189 2313 358 2398 Proposito
384 2312 486 2400 ipsius
505 2313 665 2394 Ecclerie,
694 2314 798 2381 literis
824 2315 944 2380 nostris
960 2309 1226 2398 priuilegialibus

98 2421 317 2488 mediantibus
335 2427 490 2504 perpetuo
515 2419 751 2505 possidendam
777 2421 1047 2504 contulissemus,
1074 2419 1154 2504 quia
1178 2425 1224 2483 ta-

98 2551 174 2598 men
192 2529 332 2617 prodicti
347 2526 492 2596 Jaconus
510 2536 543 2594 et
558 2527 745 2611 Bothisius‚
771 2549 811 2595 ac
839 2530 1015 2596 eorundem
1032 2527 1150 2595 iratres
1173 2525 1224 2610 jo·

97 2641 263 2725 hagiones
279 2635 384 2704 nostri
402 2636 621 2704 exercituales
638 2645 732 2704 erant
741 2687 750 2722 ,
778 2646 812 2704 et
828 2637 913 2704 inter
929 2641 1040 2723 ipsos,
1058 2656 1098 2704 ue
1122 2635 1224 2718 magi-

96 2751 234 2833 gistrum
250 2747 291 2810 A.
308 2745 516 2830 Propositum
537 2753 646 2812 tractu
662 2747 818 2830 temporis
843 2745 1036 2813 occassione
1061 2751 1147 2814 terre
1172 2763 1224 2812 eo·

94 2879 170 2924 rum
195 2855 415 2938 hereditarie,
446 2861 503 2920 aut
529 2855 692 2939 emptioie‚
719 2854 857 2921 materia
883 2855 1032 2923 scandali
1063 2854 1224 2940 potuisset

97 2968 239 3034 forsitan
256 2965 427 3051 generari,
444 2963 530 3032 idem
552 2963 696 3031 lacobus
713 2973 746 3030 et
762 2965 948 3046 Bothisius‚
976 2983 1017 3030 ac
1033 2983 1144 3032 corum
1160 2962 1223 3029 ira-

98 3085 167 3144 tres
193 3075 341 3160 superius
367 3077 490 3159 notati,
516 3075 549 3140 in
567 3075 682 3142 eadem
701 3076 894 3144 condicione
904 3073 1175 3160 jobhagionatus,
1192 3075 1223 3140 in

98 3208 167 3273 qua
185 3187 281 3253 nobis
297 3186 502 3270 tenebantur,
519 3192 723 3252 annexerunt
739 3203 776 3250 se
793 3185 942 3252 Ecclesie
956 3191 1067 3252 nostre
1082 3179 1224 3269 Wespri·

97 3297 217 3364 miensi
242 3300 361 3380 sponte
386 3314 446 3361 seu
461 3295 611 3361 ultronea
626 3297 795 3360 voluntate
813 3314 893 3376 sua,
920 3293 1017 3361 simul
1033 3314 1104 3361 curn
1121 3292 1222 3359 omni·

97 3409 162 3474 bus
181 3405 287 3488 torris,
304 3422 360 3470 seu
377 3403 645 3488 possessionibus
663 3422 782 3484 eorum,
803 3411 870 3470 tam
887 3402 1100 3488 hereditarijs
1126 3419 1222 3484 quam

98 3513 274 3601 empticijs‚
291 3531 483 3597 quocunque
500 3513 627 3578 nomine
645 3517 854 3596 censeantur,
882 3511 924 3578 de
940 3517 1053 3580 nostro
1068 3508 1222 3594 benepla·
1289 3503 1293 3510 “

98 3625 165 3692 oito
192 3629 224 3688 et
249 3641 407 3688 consensu
427 3641 466 3688 ao
482 3620 696 3706 permissione
721 3621 1054 3706 speciali3volentes,
1072 3618 1158 3702 quod
1174 3635 1223 3684 se·

97 3731 224 3818 pedicti
238 3731 394 3815 lacobus,
404 3729 583 3810 Bothisius,
596 3737 629 3794 et
645 3749 756 3796 eorum
774 3728 902 3812 iratres,
920 3729 1124 3810 heredesque
1135 3725 1220 3812 ipso·

97 3863 169 3908 rum
188 3839 340 3907 universi.
358 3838 417 3905 illa
433 3859 491 3925 per
501 3838 793 3923 omniapociantur
810 3838 850 3905 de
867 3844 975 3904 cetero
986 3837 1148 3910 libertate,
1159 3852 1225 3917 qua

98 3949 182 4035 reri,
199 3949 305 4037 primi,
317 3954 349 4015 et
365 3947 558 4013 naturaliter
568 3947 696 4013 nobiles
710 3946 933 4032 jobbagiones
945 3945 1092 4013 llcolesie
1108 3961 1223 4026 supra-

98 4061 190 4126 dicte
214 4057 502 4140 congratulantur,
531 4060 675 4123 nostrum
692 4055 725 4120 in
742 4053 805 4121 hac
821 4063 915 4140 parte
932 4054 1129 4121 authoritate
1145 4071 1221 4136 pre-

99 4167 246 4237 sencium
274 4185 466 4234 consensum
482 4167 599 4232 dantes
620 4163 821 4247 Reginalem.
840 4165 961 4230 Datum
988 4163 1019 4229 in
1037 4161 1127 4228 Vrlla
1148 4158 1224 4226 Alta

99 4282 133 4344 in
151 4277 297 4345 crastino
314 4245 506 4342 festiuitatis
524 4273 639 4340 Sancti
656 4271 742 4339 Galli
754 4271 958 4342 contessoris
969 4321 977 4356 ,
990 4291 1076 4338 auno
1093 4263 1223 4336 Domini

100 4387 150 4452 Μο
167 4387 239 4455 00⁰
254 4384 478 4472 octuagesimo
495 4401 591 4450 nono.

99 4530 139 4602 <A
152 4527 400 4588 sudlesiehervdri
412 4527 552 4601 kdptnlau
567 4525 682 4582 lues-ki
698 4521 863 4595 atiratdbol,
877 4527 953 4599 mely
966 4521 1100 4583 drirtetilr
1112 4539 1130 4578 a
1143 4537 1221 4579 vesa-

423 4616 512 4692 prdmi
525 4614 668 4687 kaptalsn
682 4612 903 4690 levdltiriban.)

534 4757 668 4770 b*-
713 4761 789 4772 ,,,,..
