3156 5158
635 291 792 392 c„

153 483 196 550 de
221 483 417 555 infidelitate
432 487 539 556 notari
549 537 558 570 ,
581 489 610 554 si
629 488 771 556 creatori
786 487 851 573 pio,
869 486 1013 555 benefico
1030 451 1179 568 Domino,
1194 485 1272 571 piis·

151 593 234 659 simo
251 593 449 681 redemptori
464 603 556 664 tante
571 597 781 666 necessitatis
797 603 942 684 tempore
958 614 1022 663 non
1038 597 1185 680 assistat,
1197 594 1274 660 dnm

149 699 344 770 hereditatis
373 723 432 770 sue
456 703 639 790 funiculus,
665 712 753 771 terra
778 712 913 789 sancta,
938 724 1037 788 quam
1053 703 1118 770 sibi
1133 707 1273 770 testatur
1349 731 1352 738 ⁴

153 810 315 896 scripture
330 831 425 880 sacre
441 813 662 910 testimonium
679 815 820 882 omniurn
837 815 1013 900 cariorem,
1030 813 1064 881 in
1080 812 1272 907 Christiani-

151 921 231 988 tatis
248 921 471 990 confusionem
488 931 521 990 et
538 925 682 993 dedecus
699 945 758 1012 per
770 923 910 993 nominis
927 922 1103 992 Christiani
1120 921 1272 1007 blasphe-

150 1048 221 1095 mos
236 1050 295 1114 pro
312 1039 407 1118 parte
424 1034 567 1102 maxima
583 1041 743 1121 occupata
760 1040 897 1112 tenetur,
914 1040 946 1100 et
967 1031 1011 1099 ad
1025 1032 1274 1117 occupationem

151 1137 275 1204 residui
291 1158 351 1224 per
367 1139 496 1209 eosdem
522 1143 682 1211 instantia
706 1142 824 1220 infeste
849 1140 1086 1228 persecutionis
1102 1139 1273 1220 insistitur,

150 1265 253 1330 super
269 1266 309 1316 eo
325 1249 462 1316 assidue
478 1253 511 1318 in
526 1251 761 1335 partibnsillis
777 1251 915 1338 populus
926 1249 1131 1318 Christianus
1146 1249 1273 1334 impeti-

151 1359 224 1438 tur,
250 1362 283 1422 et
307 1357 455 1424 molestis
480 1357 737 1446 impetitionibus
754 1357 952 1427 infestatur?
976 1359 1019 1424 llt
1034 1357 1165 1441 quidem
1182 1359 1210 1422 si
1227 1357 1243 1424 f
1262 1395 1274 1406 -

152 1463 261 1530 cultas
287 1464 461 1534 resistendi
487 1467 705 1552 competeret,
730 1489 796 1535 non
821 1475 988 1554 pateretur
1012 1465 1133 1552 aliquis
1150 1466 1274 1550 absque

149 1569 282 1639 deserte
307 1574 384 1640 fidei
409 1579 562 1660 scrupulo
587 1578 638 1644 sui
663 1576 785 1644 domini
811 1576 1001 1660 temporalis
1028 1576 1079 1642 vel
1094 1576 1199 1644 vicum
1216 1575 1274 1640 ali·

149 1700 248 1764 quem
265 1685 437 1770 occupari;
455 1690 489 1750 et
505 1684 695 1754 hereditatis
711 1685 883 1754 Dominice
904 1685 1076 1752 invasores
1091 1683 1205 1752 fideles
1221 1683 1273 1748 ul-

149 1790 252 1857 terius
267 1789 461 1876 patientur?
475 1793 645 1878 Numquid
661 1795 1005 1879 marcebuntotio,aut
1021 1794 1112 1860 ocius
1130 1813 1194 1862 non
1211 1813 1272 1860 ex·

149 1903 269 1984 urgent
278 1900 324 1966 ad
333 1899 500 1968 vitandum
511 1907 601 1970 tante
611 1909 689 1970 note
699 1903 901 1972 discrimen?
917 1901 1206 1988 Exurgantitaque
1223 1900 1278 1983 qui

148 2015 227 2075 sunt
243 2008 376 2094 Christi,
393 2015 426 2078 et
441 2029 478 2078 se
493 2011 597 2098 ipsius
608 2033 757 2082 essenon
774 2014 881 2082 solum
896 2012 1036 2096 nomine,
1050 2010 1277 2098 sedoperefa·

147 2121 303 2202 teantur3
319 2127 480 2203 exurgant
497 2121 609 2206 utique
624 2122 658 2188 in
676 2122 764 2188 illius
781 2122 958 2209 auxilium3
977 2125 1139 2204 exurgant
1164 2117 1207 2187 ad
1222 2138 1274 2186 sa·

148 2227 227 2292 lutis
244 2221 303 2292 sue
318 2229 554 2314 compendium,
571 2237 604 2296 et
619 2230 710 2298 illam
725 2229 835 2296 brevis
845 2229 967 2298 laboris
977 2230 1081 2316 pretio
1092 2226 1277 2315 compendi-

147 2353 206 2402 ose
223 2343 417 2402 mercentur.
433 2338 528 2404 Nunc
544 2339 708 2424 precipue,
726 2337 803 2406 dum
819 2339 852 2404 in
868 2357 963 2405 sacro
979 2338 1128 2406 Concilio
1155 2335 1276 2404 adhoc

145 2441 214 2510 hiis
229 2433 346 2513 diebus
362 2445 445 2514 inter
461 2452 583 2532 cetera,
600 2447 697 2515 immo
714 2467 773 2534 pre
789 2447 906 2514 ceteris
926 2445 1116 2532 specialiter
1142 2465 1276 2530 congre-

145 2559 241 2640 gato,
258 2553 405 2623 eiusdem
419 2560 506 2622 terre
521 2576 625 2642 nuper
642 2557 795 2624 ordinata
811 2556 983 2624 subventio
1009 2553 1070 2622 sub
1095 2572 1155 2640 spe
1176 2553 1275 2639 illius,

147 2661 192 2729 de
215 2653 306 2730 cuius
322 2663 426 2730 solius
452 2665 604 2732 clementi
630 2664 843 2751 providentia
869 2670 903 2732 et
931 2664 1108 2732 clementia
1134 2661 1274 2748 provida

146 2769 312 2838 ordinatio
322 2773 400 2840 talis
410 2779 443 2840 et
453 2775 729 2860 tantaprocessit,
745 2774 867 2842 laboris
876 2781 1021 2862 optatum
1038 2772 1159 2841 exitum
1169 2791 1277 2859 repro-

145 2879 259 2947 mittit.
274 2879 553 2949 Convenientibus
570 2883 731 2967 siquidem
747 2884 781 2951 in
806 2882 920 2953 eodem
946 2882 1094 2952 Concilio
1110 2882 1277 2948 nonnullis

145 2987 360 3074 Principibus
377 2997 411 3056 et
426 2989 568 3058 Prelatis
585 2991 627 3059 de
643 2992 755 3059 mundi
771 2993 921 3080 partibus
937 2990 1108 3074 universis,
1127 2990 1278 3056 aliorum·
1395 2977 1397 2986 ’

145 3116 214 3182 que
230 3097 428 3186 Principum,
445 3100 650 3168 Prelatorum
667 3107 701 3168 et
719 3099 942 3186 capitulorum
959 3099 1092 3184 nuntiis,
1111 3105 1184 3184 post
1200 3099 1276 3167 sub·

146 3207 273 3273 sidium
296 3208 520 3292 pecuniarium
546 3211 706 3276 communi
733 3229 897 3277 consensu
921 3216 1007 3277 terre
1025 3209 1217 3294 deputatum
1233 3208 1276 3273 ei·

145 3315 238 3401 dem,
254 3315 409 3384 convenit
432 3318 574 3384 omnium
599 3315 764 3398 sententia
779 3317 812 3382 in
828 3315 865 3384 id
879 3317 1005 3403 ipsum,
1021 3316 1178 3385 videlicet
1193 3324 1228 3382 ut
1243 3315 1276 3380 in

144 3425 301 3510 generali
316 3425 483 3510 passagio,
501 3428 592 3492 cuius
610 3425 759 3494 celeriter
780 3432 912 3492 auctore
929 3425 1000 3492 Deo
1015 3423 1188 3490 terminum
1204 3442 1277 3509 pre·

146 3532 309 3620 ligemus,
336 3533 499 3602 universis
524 3535 730 3602 Christicolis
761 3540 876 3601 contra
903 3531 1114 3618 blasphemos
1143 3531 1276 3598 eosdem

146 3640 384 3710 constantibus
409 3643 498 3710 vires
523 3663 620 3726 suas,
649 3650 773 3728 quanto
798 3643 859 3710 erit
886 3639 1146 3710 Christianorum
1172 3639 1277 3706 virtus

146 3751 243 3818 unita
258 3751 436 3839 potentior,
453 3759 486 3819 et
502 3759 594 3818 tanto
611 3753 653 3820 ad
671 3751 899 3820 liberationem
910 3756 997 3818 terre
1006 3749 1154 3837 predicte
1167 3748 1210 3814 sit
1221 3748 1277 3814 via

143 3861 317 3946 securior,
335 3859 378 3928 sit
392 3861 593 3946 oportunitas
609 3861 807 3949 promptior,
834 3868 866 3926 et
892 3857 933 3927 de
960 3859 1019 3925 illa
1043 3858 1115 3926 Deo
1141 3857 1277 3942 auspice

143 3989 230 4056 spes
247 3968 368 4036 certior
382 3969 554 4037 habeatur.
565 3969 715 4036 Ceterum
725 3969 804 4034 licet
819 3967 861 4034 ad
877 3967 1070 4036 excitandos
1088 3966 1277 4036 eorumdem

142 4079 294 4148 fidelium
311 4079 440 4148 animos
457 4075 491 4148 in
517 4089 603 4148 terre
628 4083 807 4145 memorate
831 4097 1021 4147 succursum
1046 4074 1197 4144 sufficere
1223 4074 1275 4141 de·

141 4189 230 4256 beat
256 4187 372 4256 sollers
397 4187 536 4255 attentio
559 4188 810 4272 premissorum,
835 4187 913 4253 licet
937 4187 1045 4272 possit
1060 4205 1125 4252 non
1141 4183 1277 4266 indigne

139 4297 298 4387 sperari,
316 4296 406 4382 quod
436 4297 465 4363 si
491 4295 605 4364 fideles
630 4294 747 4378 iidem,
775 4315 839 4382 quo
865 4295 988 4364 debent
1010 4292 1142 4382 pietatis
1183 4292 1276 4360 oculo

141 4417 277 4476 terram
297 4407 433 4478 eandem
451 4409 648 4498 respiciant;
675 4409 705 4475 si
731 4404 1274 4492 adpersecutionisacerbitatem,

140 4538 253 4601 quam
278 4524 368 4584 terra
390 4497 505 4584 eadem
534 4515 695 4588 coutinuis
720 4515 878 4582 lacessita
902 4513 1060 4582 molestiis
1087 4519 1119 4577 et
1143 4509 1277 4577 diutinis

135 4627 389 4698 vexationibus
405 4626 536 4693 lassata
551 4625 742 4710 perpetitur,
759 4629 950 4690 convertant
965 4623 1019 4708 pie
1040 4617 1276 4704 compassionis
