3142 5164
96 481 288 554 firmitatem
303 489 476 571 presentes
491 482 537 553 ad
552 483 751 570 peticionem
768 483 917 572 partium
933 482 1083 554 dedimus
1098 485 1228 556 litteras

96 599 213 660 nostro
237 591 349 678 sigilio
376 591 601 660 communitas.
616 591 735 661 Datum
752 611 839 663 anno
856 595 968 678 graom
993 595 1055 664 w.
1078 593 1159 664 00⁰.
1177 615 1227 665 se-

95 699 308 786 pmsgosimo
325 705 445 768 ootauo
461 699 496 768 in
510 699 638 768 Pesohe
653 700 689 768 in
705 701 879 772 Dominiea
894 703 1026 773 Judioa.

920 805 934 838 0

126 875 168 949 (Δ
179 875 362 949 borhtrtyan
374 872 412 935 [rt
423 877 536 935 eredeti
548 877 628 950 utin,
640 879 761 952 melyrtil
773 897 792 938 a
813 878 905 938 ntdor
917 879 1036 954 peretto
1048 879 1128 956 fflpg.
1153 884 1202 953 lfj.

533 971 652 1040 mounes
662 971 799 1041 Reuersus.)

544 1241 796 1254 *-

623 1781 702 1846 rot.

92 1957 219 2024 Mittas
243 1981 282 2024 aa
307 1960 491 2048 amerqami
515 1958 673 2045 kdptalua
698 1960 773 2027 otuu
796 1959 896 2047 Byter
919 1963 1002 2028 uouit
1016 1962 1230 2047 Mikoflrioak

91 2066 238 2153 bevallja
255 2069 285 2132 ts
301 2067 411 2154 aladja
429 2091 450 2132 a
466 2067 590 2133 Hrs'cM
602 2068 725 2133 udrhuu
752 2065 992 2154 (Transeuntes)
1019 2069 1083 2135 volt
1107 2071 1231 2156 iapo'sd·

90 2177 173 2260 pouit,
191 2197 209 2239 s
224 2177 295 2240 ozee
311 2179 386 2240 droit
401 2197 423 2239 a
438 2175 572 2240 veob'oelt
597 2176 700 2262 troztje
718 2173 855 2242 oeretlen
870 2175 1010 2243 eattstbeu
1026 2179 1058 2241 es
1073 2175 1229 2244 deartuat-

498 2282 559 2348 bon
573 2282 702 2366 ktflzeti.
728 2284 827 2352 1278.

204 2465 277 2532 Nos
292 2461 450 2549 magister
466 2464 503 2530 L.
520 2463 712 2548 Propositus
728 2471 763 2530 et
779 2463 965 2552 Capitulum
981 2461 1134 2532 Eooiesie
1150 2463 1228 2531 Stri-

90 2571 267 2656 gerrensis
283 2572 403 2640 damus
417 2593 477 2659 pro
496 2555 662 2655 memoria,
681 2571 769 2655 qnou
785 2592 857 2639 oum
868 2573 1024 2640 Nicolaus
1036 2573 1121 2640 fliius
1134 2570 1230 2640 Pauli

90 2679 133 2747 de
149 2699 276 2764 genere
292 2681 418 2766 Beyoh,
433 2679 537 2750 irater
562 2682 648 2748 bone
664 2681 820 2749 memorie
834 2683 872 2747 F.
890 2681 1055 2766 quondam
1070 2679 1229 2766 Episcopi

89 2790 303 2877 Jauriensis,
321 2809 435 2858 seruos
461 2808 540 2858 snos
557 2798 590 2857 et
606 2791 747 2858 ancilias
756 2841 765 2875 ,
783 2811 896 2876 erma,
913 2791 1092 2877 victualia,
1110 2797 1143 2858 et
1159 2789 1229 2856 alia

88 2899 183 2966 bona
198 2917 282 2977 sua,
299 2901 413 2982 quein
430 2897 547 2967 Castro
566 2899 734 2966 Heriohou
749 2905 888 2984 nouato,
907 2900 992 2966 sieut
1008 2899 1089 2967 dicit
1099 2949 1107 2982 ,
1124 2898 1228 2965 hebu-

92 3015 189 3092 erat,
206 3008 412 3076 uendidisset
428 3011 531 3095 Byter
548 3008 668 3076 Oomiti
692 3007 760 3074 iilio
775 3007 911 3094 Myoou,
938 3028 998 3094 pro
1015 3007 1228 3094 septuaginta

90 3119 386 3202 quinquennem,
403 3122 498 3201 prout
514 3115 549 3182 in
575 3115 741 3202 prioribus
758 3115 880 3182 nostris
896 3116 1013 3182 litteris
1029 3113 1229 3182 memoriali-

89 3227 164 3310 bus,
184 3225 383 3310 continetur,
401 3222 600 3291 adueniente
617 3225 756 3292 termino
777 3225 820 3290 ad
838 3223 1031 3292 solvendum
1047 3224 1155 3311 ipsam
1171 3241 1226 3306 pe·

90 3336 228 3400 euniam
256 3333 448 3418 assignato,
475 3331 632 3400 videlieet
656 3339 777 3400 octaua
803 3331 898 3398 Beati
913 3331 1045 3400 Andree
1062 3329 1227 3416 Apostoli,

89 3443 217 3510 Comes
228 3441 356 3526 Pouka,
366 3440 518 3508 offioialis
527 3442 628 3525 Byter
637 3441 783 3528 Comitis,
799 3441 892 3528 ipsas
910 3440 1123 3526 septuaginta
1135 3438 1227 3521 quin-

90 3569 157 3634 que
173 3567 307 3614 mareas
323 3549 358 3614 in
373 3552 511 3632 argento
523 3548 688 3615 eommuni
705 3555 738 3614 et
753 3547 786 3612 iu
797 3547 945 3634 denarijs
962 3546 1140 3615 seeundum
1151 3565 1227 3612 oon·

88 3653 275 3725 tinentiam
290 3655 437 3741 priorum
453 3661 632 3724 nostrarum
649 3655 841 3738 litterarum,
857 3653 987 3741 prefato
1004 3654 1144 3722 Nioolao
1160 3650 1228 3718 filio

87 3765 203 3846 Pauli,
221 3783 284 3850 pro
302 3763 428 3831 (tomite
443 3763 544 3847 Byter
560 3762 695 3832 domino
711 3783 769 3830 suo
790 3759 906 3849 sol(uit
931 3761 1098 3848 ple)narie
1118 3779 1229 3828 eoram

86 3875 203 3943 nobis.
229 3873 353 3941 Datum
378 3879 494 3956 quarto
512 3871 566 3940 die
590 3880 665 3958 post
680 3877 817 3941 oetauas
843 3873 958 3941 Sancti
973 3871 1107 3940 Andree
1124 3905 1169 3918 -
1184 3905 1229 3920 -

88 4003 183 4052 anuo
194 3980 340 4051 Domini.
350 3981 409 4048 uit
421 3981 502 4051 00⁰.
512 3981 635 4048 LXX⁰.
647 3979 752 4047 vult

205 4161 317 4231 Jeppaat.
336 4155 523 4231 Btrhsrtytn
535 4159 596 4217 kelt
607 4155 672 4215 ndrt
684 4154 761 4217 level
785 4157 921 4230 melynek
932 4155 1078 4229 behajtott
1087 4153 1173 4229 vege,
1183 4171 1229 4212 aa·

85 4252 165 4310 utin
179 4249 257 4321 eleJo
269 4248 423 4307 iektetven
434 4247 596 4323 egymisra,
618 4249 699 4305 mind
715 4245 845 4305 ehirom
857 4246 976 4319 retegen
988 4247 1136 4305 keresatiil
1157 4249 1231 4303 vent

87 4337 324 4415 hrirtyakutelek
346 4337 409 4396 mtr
431 4341 525 4397 eltiint
545 4338 690 4413 peesettel
712 4338 775 4396 volt
794 4335 1001 4410 lopeosttelve.
1022 4335 1160 4394 Httirsr·
1173 4352 1229 4391 ea:

86 4435 170 4508 „Pro
184 4429 294 4488 comite
306 4429 399 4504 Bpter
421 4447 510 4505 super
533 4430 681 4488 solucione
695 4431 882 4504 septuaginta
895 4429 1022 4502 quinque
1042 4421 1229 4484 marearum.“

83 4519 603 4584 Akekktilevelttrbsn2Au.1t.
621 4503 708 4592 rio.

525 4703 779 4722 Μ
