3142 5170
820 351 976 454 *aeo-

334 550 490 636 btogistrc
514 547 700 620 Garecbinc
738 547 887 620 Ecclesie
919 555 1034 617 nostre
1060 545 1253 638 Proposito,
1285 545 1461 618 Dominico

335 658 478 730 Gantore
492 709 502 746 ,
518 655 660 731 Hectore
674 659 827 745 Lectore,
839 657 1009 745 Stephano
1027 655 1173 728 Custode
1190 655 1415 729 exstentibns.

504 855 651 930 (Eredstie
664 876 683 918 e
694 875 735 918 sn.
747 854 872 926 motuni
883 853 1042 931 coaptucg
1056 853 1281 928 levdlttrtben).

762 1149 1028 1165 w

858 1679 935 1748 188.

335 1883 367 1949 A
383 1884 535 1970 possooyi
550 1879 705 1965 kdptclan
721 1865 988 1966 bizooysdylcoole,
1011 1877 1091 1966 booy
1106 1879 1222 1961 ιῙάηοε,
1234 1883 1390 1968 poseooyi
1403 1881 1458 1946 cd-

335 1987 480 2078 caryrdf,
491 1987 596 2056 aaut
611 1985 809 2076 szolydldjdt
820 1987 928 2052 accole
934 1985 1040 2071 fidocl
1054 1987 1375 2076 Lorioozczeteqyots,
1393 2013 1456 2055 sac-
1566 2065 1567 2086 Χ

687 2094 793 2161 baddo
808 2097 985 2162 boesdtotta.
1006 2097 1104 2162 1286.
1566 2091 1567 2094 '

746 2329 1042 2398 ABG

443 2509 615 2581 Universis
627 2509 747 2580 christi
759 2506 909 2577 fidelibus
926 2515 1100 2596 presentes
1116 2511 1242 2579 litteras
1259 2511 1459 2598 inspecturis

336 2621 524 2707 Capitulum
540 2619 692 2686 Ecclesia
708 2616 918 2686 Posonicnsis
935 2619 1076 2686 salutem
1093 2619 1127 2685 in
1143 2615 1293 2686 Domino.
1319 2621 1375 2689 Ad
1391 2625 1457 2690 uni·
1566 2645 1567 2682 r

335 2727 664 2800 uersornmnoticiam
675 2735 787 2794 tenore
798 2721 1004 2814 presencium
1015 2727 1165 2794 uolumus
1175 2729 1359 2812 peruenire,
1371 2729 1459 2813 qnod

335 2840 503 2908 lohannes
528 2837 670 2906 Ourialis
697 2835 814 2904 Comes
838 2835 1069 2919 Posoniensis,
1097 2835 1184 2904 lilius
1204 2835 1338 2904 Comitis
1357 2839 1457 2918 Petri,

336 2966 446 3015 coram
460 2947 555 3014 nobis
570 2945 789 3033 personaliter
805 2945 997 3012 constitutus
1015 2951 1065 3011 est
1081 2943 1264 3024 confessus,
1281 2946 1368 3028 qnod
1384 2965 1457 3032 pre·

336 3056 441 3124 dictus
457 3056 573 3122 Comes
590 3053 705 3120 Petrus
722 3059 817 3139 pater
835 3072 925 3136 suns,
942 3051 1145 3120 iamdudum
1172 3053 1335 3137 quandam
1353 3056 1458 3121 ancil·
1566 3045 1567 3108 l

336 3164 404 3231 lam
428 3183 521 3230 snam
546 3161 778 3230 hereditariam
796 3159 913 3230 Obonk
939 3169 1087 3228 uocatam
1105 3160 1203 3228 liliam
1220 3162 1339 3246 lindre,
1356 3165 1455 3232 simul
1559 3234 1560 3238 ,

339 3292 410 3340 cum
434 3272 501 3338 tilio
525 3291 584 3338 sno
609 3271 792 3338 Laurencio
818 3270 907 3338 dicto
923 3269 1034 3354 Berze,
1051 3271 1092 3337 ob
1108 3271 1298 3355 remedium,
1315 3277 1350 3338 et
1367 3275 1456 3340 saln-

337 3387 404 3448 tem
419 3380 528 3447 anime
543 3398 601 3447 sue
616 3379 902 3446 manumisissetin
913 3379 999 3448 lilios
1014 3379 1163 3464 liliorum,
1182 3381 1396 3466 petiissetquo
1412 3382 1456 3448 ab

337 3508 377 3556 eo
393 3508 464 3556 cnm
480 3487 656 3565 instancia,
671 3495 706 3552 ut
721 3491 793 3573 ipse
809 3489 992 3555 huiusmodi
1008 3489 1257 3556 manumissioni
1276 3489 1457 3558 liberaliter

336 3599 543 3666 consentiret.
559 3597 680 3662 Volens
697 3597 797 3681 igitur
813 3596 902 3663 idem
920 3598 1038 3666 (lomes
1054 3597 1223 3664 Johannca
1249 3608 1385 3684 paterne
1401 3619 1456 3685 pe·
1554 3614 1559 3657 t

336 3706 451 3774 ticioni
467 3704 672 3775 subiectione
689 3705 954 3773 condescendere
970 3705 1074 3787 filiali,
1102 3706 1281 3792 predictam
1298 3709 1454 3774 ancillam

336 3815 453 3884 Obonlr
476 3821 639 3898 uocatam,
661 3816 757 3882 simul
774 3833 846 3882 cum
862 3815 928 3881 filio
948 3833 1007 3883 suo
1024 3817 1203 3884 Lanrenoio
1220 3837 1331 3884 coram
1348 3819 1455 3900 nobis,

337 3935 432 4015 prout
447 3932 542 4014 pater
559 3943 638 3992 suus
654 3926 887 3993 manumiserat
912 3931 945 3992 et
960 3925 1119 4010 petierat,
1137 3927 1337 4006 manumisit,
1356 3924 1454 3993 dona·
1553 3924 1555 3975 ἱ

339 4034 396 4118 uit,
412 4034 505 4104 dedit
521 4041 554 4104 et
570 4034 706 4103 contulit
722 4053 790 4117 eos,
805 4040 873 4102 tam
890 4052 950 4118 pro
966 4055 1004 4102 se
1021 4053 1117 4117 quam
1132 4055 1190 4119 pro
1201 4041 1299 4119 patre
1311 4055 1371 4102 sno
1381 4055 1455 4122 pcr-

339 4149 437 4230 petus
453 4143 618 4228 libertati,
644 4145 692 4212 ita
708 4143 795 4228 quod
810 4144 961 4212 decatero
978 4144 1148 4230 sepedicta
1165 4143 1300 4227 Obenk,
1322 4152 1355 4212 et
1370 4143 1458 4212 lilius

339 4272 416 4321 snus
431 4253 633 4322 Laurancius
649 4255 844 4338 antedictus,
855 4254 909 4322 uel
925 4255 967 4320 ab
985 4256 1034 4322 eis
1046 4252 1293 4335 descendentes,
1310 4253 1353 4319 ad
1364 4255 1456 4338 ipsos

338 4362 393 4430 uel
417 4363 459 4429 ad
483 4363 611 4446 aliquos
627 4363 681 4430 dc
705 4363 922 4446 generatione
948 4381 1009 4430 sna
1025 4365 1146 4435 nullius
1162 4363 1384 4430 obnoxietatis
1400 4381 1454 4428 nc·

341 4471 537 4539 cessitudins
554 4472 698 4539 debeant
713 4474 871 4560 petinere,
889 4473 949 4540 sed
966 4479 1132 4556 tamquam
1158 4471 1268 4538 natine
1295 4471 1455 4537 libertatis

339 4601 380 4648 ac
395 4580 606 4663 ingenuitatis
622 4579 805 4664 priuilegio,
824 4599 894 4646 cnm
911 4581 999 4647 omni
1019 4580 1212 4666 posteritate
1229 4599 1289 4646 sua
1306 4580 1456 4664 perhem-

340 4689 446 4776 pniter
461 4688 525 4756 frui
539 4688 683 4756 debeant
706 4696 740 4754 ot
763 4687 883 4772 foueri,
910 4685 1084 4772 obligando
1101 4709 1148 4771 se,
1165 4689 1251 4771 qnod
1268 4687 1455 4772 qnicnnqne
