3142 5170
864 303 929 370 306

815 390 980 402 —n—

340 501 460 587 uilegio
478 501 653 568 cumomni
670 499 862 587 posteritate
878 517 938 564 sua
962 498 1105 581 gaudere
1119 494 1337 582 perbemuiter
1358 492 1452 559 debc-

342 615 399 677 ant
415 615 448 676 et
464 607 575 676 foueri.
593 605 779 692 Obligando
794 625 841 688 se,
854 605 942 690 quod
961 605 1146 688 quicunque
1166 607 1452 689 proeessutcmpo·

340 739 410 786 rum
429 721 532 805 ipsam
557 714 665 784 belew
692 721 725 780 et
749 713 885 780 Paulum
909 712 1011 780 filium
1033 733 1126 779 suum
1147 710 1377 796 supradictos,
1402 715 1454 775 aut

339 829 384 898 ab
400 828 479 914 ipsis
496 823 751 906 descendentes,
767 821 899 892 racione
924 822 1126 891 condicionis
1144 821 1281 907 pristine
1291 871 1300 904 ,
1324 819 1359 884 in
1377 816 1453 884 iudi·

339 938 391 1007 oio
416 936 470 1004 uel
493 941 585 1003 extra
608 931 764 1000 iudicium
779 931 987 1016 temptauerit
1003 930 1206 1016 propulsare,
1227 928 1315 996 idem
1332 927 1450 994 Comes

341 1047 478 1114 bothovr
493 1041 657 1110 tenebitur
683 1061 741 1109 eos
758 1038 915 1127 expedire
931 1038 1072 1123 propriis
1088 1036 1255 1103 laboribus
1281 1042 1314 1101 et
1336 1053 1454 1121 expen-

341 1155 397 1222 sis.
414 1155 453 1220 In
469 1152 559 1220 cuius
574 1149 621 1217 rei
638 1149 1014 1234 memoriamprcsentes
1031 1146 1252 1213 concessimus
1268 1143 1401 1210 litteras
1417 1141 1454 1208 si·

341 1262 412 1349 gilli
429 1261 532 1330 nostri
547 1257 723 1326 munimine
739 1257 921 1323 roboratas.
950 1257 1069 1321 Datum
1090 1275 1177 1321 anuo
1203 1252 1334 1320 Domini
1352 1250 1455 1318 mille·

340 1372 422 1442 simo
438 1368 660 1437 ducentesimo
676 1365 901 1450 octuagesimo
918 1365 1068 1450 septimo.

339 1565 465 1641 (Herm
477 1585 491 1623 s
504 1565 746 1638 bdrtyaasinegen
760 1580 778 1617 a
799 1560 907 1634 pecsdt
919 1556 1204 1631 Possonyktptalani
1215 1553 1354 1626 orszdgos
1370 1553 1456 1612 levdl-
1559 1623 1560 1638 ,

564 1652 619 1711 ttr.
633 1653 730 1726 Capsa
742 1651 821 1710 XIV.
834 1651 919 1708 Fasc.
933 1649 977 1706 23.
990 1648 1040 1706 Nr.
1055 1649 1098 1704 12.
1119 1649 1239 1715 smus.)
1559 1638 1561 1658 ¹

766 1943 1031 1956 -ι-ι--υ-

860 2484 933 2552 rel.

341 2706 372 2772 A
385 2703 536 2792 poacocyi
550 2701 706 2789 kdptolurr
722 2703 918 2787 biaocysdpc,
929 2701 1007 2788 bopy
1023 2701 1165 2787 Pozaony
1174 2702 1268 2764 odron
1282 2699 1417 2788 Ιιδιεέςε,
1426 2701 1456 2762 tr

339 2811 465 2896 Jacob,
491 2808 597 2876 canok
622 2809 721 2876 ciboti
735 2809 852 2897 btrdju,
870 2831 925 2896 epy
940 2809 1050 2872 lectolo
1059 2805 1144 2893 fena
1153 2805 1255 2894 for-96
1262 2817 1334 2892 pert
1350 2807 1453 2871 earm-

604 2919 696 3004 sdpos
711 2921 786 2982 atton
801 2917 837 2980 lc·
852 2915 1073 3004 appenditettek.
1090 2916 1188 2982 1287.

444 3114 614 3184 Universis
624 3112 745 3182 Christi
756 3111 907 3181 fidelibus
917 3119 1086 3200 presentes
1102 3114 1229 3180 litteras
1246 3112 1452 3200 inspectmis,

341 3223 525 3309 Capitulum
541 3221 690 3289 Ecclesia
715 3221 925 3289 Posoniensis
951 3221 1090 3289 salutem
1105 3223 1137 3284 in
1154 3221 1303 3289 Domino.
1319 3223 1372 3288 Ad
1389 3223 1454 3288 vni·

339 3351 506 3401 versorum
533 3330 687 3397 noticiam
711 3335 825 3398 tenore
852 3331 1056 3415 presencium
1093 3331 1243 3397 volumus
1275 3331 1452 3416 pervenire,

340 3431 429 3526 quod
444 3437 626 3527 'l'yrvvardo
642 3439 764 3524 villico,
786 3437 958 3506 duodecim
980 3440 1102 3524 juratis
1119 3458 1159 3506 ac
1185 3439 1396 3506 uniuersitatc
1412 3439 1455 3504 ei·

339 3551 426 3616 vium
443 3547 595 3615 Ciuitatis
611 3547 821 3615 Posoniensis
847 3547 890 3614 ab
917 3568 983 3614 una
999 3554 1113 3633 parte,
1138 3547 1265 3617 Jacobo
1292 3546 1455 3632 quondam

339 3657 448 3724 villico
465 3657 536 3722 cive
553 3655 725 3722 decadem
743 3657 785 3722 ab
802 3657 908 3721 altera
925 3675 1032 3722 coram
1050 3655 1145 3724 uobis
1156 3657 1374 3742 personaliter
1384 3675 1454 3722 cou-

339 3766 474 3851 scituris,
486 3763 584 3831 iidem
593 3762 792 3851 Tyruvardus
809 3763 944 3847 villicus,
951 3763 1055 3847 jurati
1071 3783 1111 3830 ac
1127 3766 1321 3832 universitas
1338 3765 1453 3831 civium

341 3873 460 3941 luerint
476 3871 629 3951 confessi,
641 3869 727 3955 quod
744 3893 816 3939 cum
833 3891 930 3960 super
946 3877 1034 3941 terra
1045 3873 1199 3941 existenti
1216 3879 1302 3940 retro
1314 3880 1451 3940 ccsbum

340 3981 539 4050 Posoniense
564 3981 649 4047 inter
675 3981 756 4047 duos
787 3980 909 4049 rivulos
935 3980 1124 4068 Wydurcha
1148 3989 1305 4067 vocatos,
1331 3981 1454 4064 habita,

340 4095 435 4175 prout
458 4089 650 4174 dicebatur,
675 4109 733 4176 per
759 4093 864 4174 ipsum
891 4092 921 4160 J.
937 4091 1078 4158 villicum
1095 4111 1137 4158 ex
1153 4091 1336 4160 collacione
1352 4089 1454 4176 Regia

340 4195 424 4264 iuter
441 4198 531 4282 ipsos
548 4201 638 4267 cives
655 4207 687 4265 et
703 4199 841 4265 eundem
857 4199 887 4265 J.
899 4200 1042 4266 villicum
1059 4199 1176 4268 fuisset
1193 4199 1372 4283 questionis
1388 4219 1453 4265 ma·

340 4304 425 4372 teria
443 4307 610 4388 suscitata,
628 4307 704 4375 lieet
721 4326 818 4392 snper
836 4307 949 4375 eadem
966 4317 1055 4376 terra
1078 4310 1161 4375 inter
1181 4330 1240 4377 eos
1256 4307 1373 4374 fuisset
1387 4309 1455 4374 diu-

341 4415 408 4481 tius
424 4413 651 4499 disceptatum,
668 4417 713 4482 cd
730 4417 877 4484 vltimum
903 4425 1012 4485 tamen
1028 4419 1152 4486 reducti
1169 4423 1280 4485 essent
1296 4415 1338 4483 ad
1354 4417 1455 4482 talem

339 4521 434 4608 pacis
445 4529 477 4591 et
488 4524 659 4591 concordie
671 4525 843 4610 unionem3
860 4525 947 4610 quod
957 4527 1035 4611 quia
1045 4527 1131 4596 idem
1140 4525 1170 4594 J.
1182 4525 1312 4592 villicus
1328 4544 1455 4592 meum-

340 4631 901 4716 psissetetpromisissetadomnem
912 4636 1162 4721 promocionem,
1174 4632 1388 4720 commodam,
1406 4652 1457 4700 re·
