3142 5164
672 978 729 1043 98.

134 1194 162 1259 Ι.
179 1188 314 1276 Badais
327 1191 542 1256 romei-adram
555 1191 666 1277 kirddy
682 1190 858 1260 indoeitdso
874 1216 894 1257 a
909 1195 997 1259 kb‘zte
1013 1196 1045 1260 de
1062 1194 1264 1264 Otobororob

204 1301 313 1388 leirdlp
329 1299 400 1363 leb‘zt
416 1301 528 1365 tdrtdat
542 1297 715 1369 adnarrant
731 1322 751 1364 a
767 1299 919 1367 aslonensi
934 1301 1077 1388 dopeboz.
1096 1304 1194 1371 1278.

245 1514 436 1602 Rudotphus
445 1517 507 1583 Dei
516 1515 860 1602 graoiaRomauornm
871 1519 940 1584 Rex
951 1539 1080 1607 semper
1096 1523 1264 1609 Augustus

134 1623 313 1710 Magnifice
338 1625 409 1694 uiro
435 1625 567 1694 domiuo
585 1673 594 1694 .
612 1673 619 1688 .
636 1673 644 1692 .
662 1625 745 1692 Dnoi
771 1625 969 1693 Venetorum
990 1627 1097 1696 amieo
1124 1649 1182 1698 suo
1200 1630 1264 1700 sin·

135 1733 409 1803 cerediteotionis
425 1735 565 1802 salntem
576 1753 649 1801 eum
660 1734 761 1817 Regia
773 1733 990 1818 benignitatis
1007 1735 1138 1805 affeetu.
1156 1739 1264 1818 Quan-

137 1845 183 1911 tis
209 1840 395 1928 opprobriis
431 1848 464 1908 et
492 1841 659 1929 probrosis
686 1841 815 1926 injuriis
850 1841 1042 1910 indesinens
1068 1845 1265 1930 Reipubiiee

135 1951 341 2020 disturbator
356 1949 491 2033 quidam
508 1946 558 2035 O.,
575 1951 645 2016 Rex
670 1949 889 2016 Bohemorum
914 1951 1056 2020 Illustris
1071 1959 1147 2040 post
1171 1957 1265 2040 panis

136 2059 272 2143 federa,
297 2063 375 2146 post
399 2057 570 2124 fidelitatis
596 2055 708 2124 debite
732 2056 828 2125 nobis
854 2076 913 2142 per
927 2059 1036 2143 ipsum
1054 2063 1194 2146 prestita
1210 2081 1265 2128 sa·

137 2172 308 2236 eramenta
333 2187 394 2236 nos
410 2165 598 2248 impulerit,
623 2169 659 2232 ut
675 2165 721 2232 ad
737 2166 810 2251 ejus
835 2172 969 2234 oonatus
980 2168 1128 2236 nefarios
1154 2171 1265 2239 roffre-

137 2277 271 2345 nandos
295 2275 442 2362 potentie
458 2280 571 2342 nostre
602 2272 770 2340 braobium
796 2275 1002 2356 levaremus,
1034 2297 1147 2344 omues
1164 2281 1266 2346 mino-

135 2405 193 2454 res
211 2405 285 2453 eum
301 2382 483 2468 majoribus
500 2401 580 2470 sepe
605 2380 758 2448 viderunt
782 2383 934 2467 apereius
944 2433 954 2469 ,
972 2386 1028 2468 qui
1043 2389 1267 2473 conspiracio·

136 2514 218 2578 nes,
235 2513 321 2576 quas
346 2492 432 2559 idum
448 2491 519 2558 Rex
535 2491 696 2558 aduersus
712 2497 859 2558 nostram
876 2493 1019 2560 salntem
1034 2491 1168 2577 ieeerat,
1186 2497 1266 2564 insi·

137 2603 267 2672 diarum
289 2602 405 2690 jaouta
415 2653 426 2688 ,
445 2620 508 2686 qne
534 2601 741 2685 tetenderat,
758 2603 917 2688 laqueos,
934 2621 1017 2686 quos
1035 2603 1264 2691 absconderat,

136 2733 207 2782 nou
222 2711 386 2798 ignorant,
404 2715 436 2779 et
446 2709 598 2794 quoniam
610 2709 651 2776 de
665 2709 840 2795 Regalium
859 2729 1070 2779 successuum
1083 2715 1267 2798 precordia·

136 2841 210 2888 rum
227 2825 413 2888 nostrorum
425 2818 545 2904 injuria
561 2819 726 2886 eredimus
738 2819 770 2885 in
788 2817 910 2902 gaudio
920 2819 1120 2906 redundare,
1131 2822 1267 2890 sinueri-

136 2929 201 2996 tati
213 2930 398 3008 Vestreea,
420 2945 482 3009 que
494 2925 727 3010 omnipotentis
739 2925 800 2992 Dei
810 2929 934 3012 gracia,
953 2947 1016 3012 que
1028 2947 1149 2997 oansas
1156 2930 1267 3017 justas

135 3038 250 3124 diligit
260 3045 293 3104 et
312 3037 494 3105 detestatur
514 3036 644 3119 iniquas
654 3085 663 3120 ,
688 3036 723 3104 in
739 3037 835 3105 nobis
851 3043 884 3104 et
899 3038 1041 3124 Imperio
1059 3040 1267 3127 resplenduit

134 3150 193 3218 bis
204 3147 334 3232 diebus,
350 3153 466 3215 tenore
475 3145 680 3234 presencium
698 3144 850 3212 duximus
871 3144 1082 3214 deolaranda.
1100 3147 1193 3216 Soiat
1208 3149 1269 3215 ita-

138 3277 207 3345 que
221 3253 341 3326 Vestra
356 3254 590 3346 providencia,
608 3253 696 3338 quod
712 3273 773 3323 uos
788 3253 873 3321 feria
890 3253 1007 3338 quinta
1021 3256 1173 3342 proxima
1191 3261 1269 3344 post

135 3367 262 3435 sestam
279 3363 502 3430 Bartholomei
527 3381 566 3429 eo
582 3363 654 3430 loeo
671 3361 849 3430 tooarimns
866 3369 976 3429 eastra
990 3370 1104 3431 nostra
1114 3414 1123 3449 ,
1141 3365 1229 3449 quod
1248 3385 1270 3432 a

136 3473 313 3540 territoriis
324 3471 404 3540 dieti
415 3473 518 3558 Regis
529 3469 686 3540 Bohemie
696 3471 752 3538 uix
762 3471 807 3538 ad
823 3471 969 3557 spacium
985 3471 1112 3539 dimidii
1123 3473 1269 3540 milliarii

134 3580 347 3651 theuthonici
364 3580 588 3664 distabamus,
605 3598 703 3646 mane
718 3598 797 3646 vero
819 3587 913 3648 sexte
938 3579 1019 3648 ferie
1039 3579 1270 3664 subsequentis

135 3711 209 3758 nna
225 3708 296 3758 eum
313 3689 437 3758 dileuto
454 3687 520 3756 filio
536 3695 570 3754 et
585 3689 692 3756 amieo
716 3697 828 3756 nostro
849 3689 1021 3757 carissimo
1038 3689 1161 3756 Illustri
1178 3691 1271 3775 Rege

136 3798 313 3883 Hungarie
323 3797 541 3884 procedentes
553 3802 689 3865 euootos
705 3797 848 3863 aoierurn
858 3802 1044 3865 nostrarum
1058 3793 1270 3884 adjunximus

138 3905 287 3976 staoioui
310 3905 462 3988 bostium,
487 3905 536 3972 sio
560 3906 649 3989 quod
664 3905 744 3972 bora
760 3904 828 3973 diei
853 3907 952 3988 quasi
977 3914 1070 3973 sexta
1095 3905 1181 3974 iuter
1206 3925 1270 3974 nos

136 4015 255 4100 grauis
269 4032 384 4104 pugna
400 4012 624 4098 summittitur3
642 4011 675 4078 iu
692 4031 757 4096 qua
782 4013 893 4080 dietus
908 4015 980 4080 Rex
995 4013 1154 4082 Bohemie
1179 4033 1272 4084 mors

137 4124 268 4194 streuui
283 4120 407 4210 pugilis
418 4120 558 4189 viriliter
582 4139 620 4188 se
640 4119 843 4207 defendens,
863 4123 996 4190 tandem
1018 4123 1273 4192 deuiotnsoeeu-

136 4231 225 4317 buit,
236 4230 593 4299 nonanostrarirtute
604 4235 800 4319 prostratus,
812 4231 872 4300 sed
882 4249 921 4296 eo
932 4231 1046 4317 poeius
1056 4231 1272 4320 impugnante

137 4345 258 4410 eontra
272 4337 524 4428 Rempubtioam
540 4337 739 4408 defendente
752 4339 913 4408 oollissus.
930 4339 970 4407 In
980 4359 1043 4424 quo
1060 4341 1166 4408 seiam
1182 4340 1272 4409 betto

137 4450 275 4519 nobiles
291 4449 400 4533 Regni
414 4448 570 4517 Bohemie
586 4450 712 4538 etalii,
738 4450 795 4534 qni
811 4469 883 4516 oum
906 4449 979 4536 ipso
995 4453 1086 4536 Rege
1111 4453 1273 4517 venerant

136 4561 296 4648 poeiores
305 4609 315 4645 ,
342 4563 401 4626 aut
420 4557 537 4626 mortui
558 4557 670 4644 gladio
688 4557 884 4644 aediderunt,
902 4564 960 4625 aut
974 4557 1063 4627 vieto
1080 4555 1271 4637 uertamius,

133 4669 218 4738 dum
243 4666 291 4735 ad
315 4665 394 4752 t'uge
410 4665 591 4753 presidium
613 4686 650 4734 se
675 4671 924 4751 converterent,
952 4667 996 4732 ab
1022 4661 1272 4758 insequentibus
