3154 5166
342 1132 404 1200 IV.
421 1130 535 1198 Lmzto
548 1130 654 1218 ttrstp
667 1131 873 1219 poraaesolja
882 1131 998 1198 Loszto
1011 1128 1159 1217 Soproop
1174 1131 1347 1218 odrmapysi
1363 1131 1465 1218 iopas

337 1241 411 1325 nair,
427 1240 504 1326 hopy
519 1262 541 1303 α
555 1239 641 1306 Laos·
658 1238 751 1325 falvi
776 1239 977 1325 opilasokat,
1004 1237 1090 1304 tito
1116 1237 1261 1324 Seps-orry
1286 1238 1467 1305 etdelmdra

336 1346 466 1434 rosseto,
486 1348 594 1412 Istorioi
618 1348 757 1434 mgjcird
780 1359 868 1434 opert
891 1344 1185 1432 mabadmpailsbaa
1208 1367 1247 1412 rte
1268 1344 1388 1413 beosa.
1405 1321 1464 1412 Ee

839 1453 956 1522 natet.

445 1652 625 1722 Ladizlaus
641 1655 705 1722 Dei
720 1653 835 1738 graoia
851 1653 919 1720 Rex
936 1651 1105 1739 Hungarie
1121 1650 1210 1720 fideli
1226 1669 1284 1720 suo
1299 1651 1465 1719 Ladiztao

338 1761 456 1829 Comiti
472 1762 689 1847 Soproniensi
714 1761 854 1830 salutem
871 1767 904 1829 et
918 1763 1076 1846 graciam.
1104 1760 1272 1846 Sagittarij
1297 1761 1399 1828 nostri
1418 1760 1466 1828 de

338 1869 430 1938 willa
445 1871 540 1937 Lwer
563 1872 656 1939 iuxta
672 1867 869 1955 Sopronium
896 1870 1063 1939 constituti
1078 1868 1191 1938 dieunt
1206 1870 1300 1938 nobis
1316 1889 1465 1953 oonque·

337 1977 441 2044 resdo
455 2028 465 2064 ,
491 1978 577 2064 quod
602 1987 637 2046 tu
653 1979 871 2063 compelleres
890 1997 947 2044 eos
965 1976 1122 2044 exhibere
1138 1977 1197 2043 tibi
1213 1976 1397 2062 seruitium,
1413 1978 1465 2044 ad

338 2083 426 2168 quod
441 2085 542 2170 ijdem
559 2085 737 2169 antiquitus
759 2105 824 2154 non
840 2086 1045 2153 tenebantur.
1073 2083 1166 2151 Vnde
1191 2104 1264 2150 eum
1279 2085 1361 2153 Bela
1377 2105 1464 2150 auus

340 2199 452 2260 noster
468 2201 500 2261 et
515 2193 703 2280 Stephanus
719 2201 813 2278 pater
829 2199 961 2279 noster,
978 2191 1087 2260 inoliti
1102 2191 1210 2278 Reges
1226 2191 1396 2277 Hungarie
1412 2192 1466 2261 fe·

339 2303 449 2370 licium
465 2303 743 2388 recordationum,
760 2309 792 2371 et
807 2323 868 2370 nos
894 2302 1028 2371 eosdem
1055 2302 1246 2388 sagittarios
1261 2323 1317 2386 pro
1333 2321 1466 2370 conser-

339 2409 478 2480 vasione
494 2409 603 2480 Gastri
619 2413 722 2480 nostri
737 2411 968 2498 supruniensis
993 2410 1177 2499 hospitibus
1194 2411 1238 2478 de
1254 2411 1378 2496 eodem,
1395 2431 1465 2478 me

338 2517 509 2588 stantibus
533 2513 738 2608 priuil'egijs,
761 2523 1026 2620 adiunxerimus,
1054 2523 1087 2588 in
1114 2521 1291 2589 eorundem
1307 2521 1466 2588 libertate

340 2629 506 2713 hospitum
523 2648 772 2716 permansuros,
799 2629 951 2699 fidelitati
970 2637 1078 2696 vestre
1092 2628 1304 2716 precipiendo
1321 2629 1466 2696 manda-

340 2756 422 2820 mus,
439 2743 601 2820 quatenus
617 2738 783 2824 predictos
794 2739 985 2824 sagittarios
997 2743 1125 2806 nostros
1135 2739 1285 2806 raoiorres
1297 2741 1465 2822 premissa

340 2866 406 2912 non
422 2847 597 2927 molestes,
622 2847 680 2915 sed
705 2846 875 2931 permittes
904 2866 961 2914 eos
988 2847 1021 2913 in
1037 2847 1189 2916 libertate
1204 2866 1263 2914 sua
1280 2865 1338 2932 per
1352 2868 1412 2915 nos
1430 2857 1466 2915 et

340 2973 400 3042 per
415 2953 643 3042 progenitores
659 2963 790 3024 nostros
806 2955 854 3024 ais
871 2973 1030 3022 concessa
1040 2975 1172 3022 manere
1189 2953 1326 3039 pacifice
1342 2963 1375 3022 et
1391 2957 1465 3041 qui·

342 3071 404 3130 ste.
422 3065 502 3133 Gom
518 3065 609 3150 ipsos
626 3065 659 3132 in
676 3084 716 3132 ea
731 3064 868 3132 velimus
885 3081 1090 3148 conservare,
1111 3071 1144 3130 et
1159 3064 1250 3131 atiud
1266 3067 1381 3131 favere
1396 3087 1466 3131 non

341 3189 520 3258 presumas,
537 3173 624 3242 sieut
639 3179 783 3240 nostram
799 3173 947 3258 gratiam
963 3191 1074 3240 earam
1090 3171 1206 3240 habes.
1219 3175 1338 3240 Datum
1357 3195 1465 3261 prope

345 3279 566 3368 iwanushyda
582 3281 717 3351 infesto
734 3282 847 3352 Sanoti
862 3280 981 3349 Jaoobi
997 3279 1161 3365 Apostoli.

538 3475 684 3550 (Soprony
696 3475 781 3535 varos
794 3475 996 3534 lsvslttrtbol.
1015 3478 1133 3532 Hotoam'
1143 3479 1264 3548 metato.)
