3142 5170
319 1101 369 1170 Aa
384 1106 563 1188 oeztmpcms'
573 1101 731 1192 kdplalon
747 1099 931 1188 br'zoayitjo,
947 1099 1028 1188 kopp
1043 1098 1172 1186 Drmpol
1187 1097 1355 1188 (Drdpely)
1366 1100 1447 1188 folo

320 1212 524 1298 iptotdadaolc
540 1209 647 1296 Bplcr,
666 1209 814 1293 Mikofia
829 1230 851 1272 a
860 1205 932 1294 hely
946 1208 1052 1272 aanor
1066 1212 1139 1294 ἀρφ,
1155 1207 1309 1273 salomini
1323 1209 1446 1296 meyde-

318 1315 515 1406 tolmoaottjo
538 1315 620 1382 olrat
635 1342 657 1381 o
672 1315 828 1402 kdptolaa
852 1313 924 1380 aldit
951 1313 1176 1379 elleamoadott.
1203 1317 1301 1380 1284.
1319 1317 1399 1383 colb.
1414 1319 1445 1382 8.

422 1513 491 1582 Nos
516 1513 672 1596 ldsgistor
696 1511 851 1579 Andreas
867 1545 912 1560 -
927 1545 972 1559 -
987 1544 1032 1559 -
1046 1543 1092 1558 ·-
1107 1511 1311 1596 Propositus,
1329 1521 1362 1580 et
1379 1513 1438 1580 ca-

313 1619 449 1705 pitulum
466 1620 616 1689 Ecclesia
632 1621 881 1704 Strigonionsis,
898 1617 1054 1685 memoris
1071 1617 1338 1687 commendamus
1365 1639 1440 1706 pro·

315 1729 460 1796 cencium
477 1747 537 1814 psr
552 1737 719 1810 tenorem,
746 1725 833 1810 quod
858 1725 1016 1794 Nicolans
1042 1725 1085 1793 do
1101 1725 1226 1793 chatar
1234 1773 1245 1810 ‚
1260 1727 1394 1794 nomine
1410 1734 1444 1793 et

315 1833 538 1904 vicecomitis
553 1837 655 1924 Byter
670 1833 728 1920 diij
745 1833 853 1916 llilro,
871 1833 916 1901 ad
932 1833 1139 1919 presenciam
1163 1839 1309 1901 nostram
1335 1853 1438 1902 acce-

314 1941 408 2026 dens,
424 1943 519 2010 nobis
535 1943 777 2028 protestacione
795 1941 929 2028 publica
949 1939 1206 2023 demonstrauit,
1222 1941 1310 2022 qood
1326 1941 1440 2010 villam

316 2047 445 2133 Dragal
472 2083 809 2098 ------
829 2047 989 2132 Demetrij
1006 2044 1067 2134 filij
1081 2081 1368 2098 -----
1382 2049 1444 2117 (ic-

314 2155 385 2222 miti
410 2157 528 2242 Byter,
553 2177 612 2244 pro
638 2155 824 2241 quantitate
840 2155 960 2240 viginti
976 2153 1120 2240 qninqoc
1135 2173 1321 2223 marcarum
1337 2191 1384 2206 -
1396 2192 1442 2204 -

314 2261 470 2332 -annis
488 2263 636 2346 pluribus
652 2263 766 2362 pbliga
781 2295 827 2310 —
842 2297 888 2310 -
904 2261 947 2330 do
967 2260 1124 2330 mandato
1139 2265 1246 2350 Regio
1261 2283 1348 2332 nano
1364 2284 1442 2332 asro

315 2369 410 2436 homo
434 2367 557 2438 domini
581 2369 684 2456 Regis
710 2370 772 2438 snb
788 2367 978 2438 testimonio
995 2368 1137 2438 hominis
1153 2373 1257 2440 nostri
1273 2373 1443 2440 Demetrio

314 2476 461 2545 dlioDal
475 2511 761 2528 -----
776 2476 928 2563 etsooijs
954 2495 1065 2545 eorum
1090 2481 1308 2549 statuissotot
1333 2481 1438 2549 eciam

311 2584 521 2670 assignasset
535 2586 581 2653 ibi
597 2583 714 2654 eodem
730 2583 857 2654 Oomits
873 2584 997 2673 Byter,
1024 2585 1135 2670 palam
1153 2587 1265 2654 maltis
1280 2588 1443 2673 prasenti·

313 2692 374 2760 bns
399 2695 619 2780 reclamante,
644 2698 679 2760 et
704 2692 737 2760 in
754 2691 817 2760 hac
833 2697 927 2778 parto
942 2711 1036 2760 snam
1055 2692 1220 2762 iusticiam
1237 2695 1441 2779 declarante,

313 2806 347 2867 ot
362 2799 440 2866 licet
455 2800 578 2869 ibidem
594 2819 692 2886 super
707 2801 797 2868 lacto
813 2799 964 2888 predicte
981 2799 1059 2866 villo
1075 2821 1135 2887 por
1150 2799 1260 2888 ipsum
1276 2804 1440 2873 Comitem

313 2909 413 2996 Byler
439 2911 678 2978 contradictum
703 2908 838 2995 luisset,
863 2915 975 2978 tamon
998 2909 1085 2976 idom
1101 2909 1260 2978 Nicolaos
1272 2961 1281 2994 ,
1306 2917 1440 2976 contra·

313 3017 461 3085 dicoiono
476 3017 659 3084 huiusmodi
675 3037 740 3084 non
756 3022 938 3100 contentus,
954 3036 1013 3103 pro
1029 3017 1104 3102 ipso
1122 3015 1251 3088 comite
1265 3019 1368 3104 Bytsr
1382 3036 1441 3084 co·

312 3143 382 3190 ram
408 3125 502 3192 nobis
528 3126 690 3208 astando,
716 3124 882 3210 premissa
908 3125 1154 3212 protostaoiono
1179 3133 1214 3192 at
1237 3123 1443 3210 querimonia

312 3231 513 3298 contradixit
549 3231 814 3317 assignaoionem
840 3229 987 3299 ciusdem
1014 3231 1093 3299 ville
1118 3231 1340 3318 sollempniter
1365 3249 1442 3315 pro·

311 3337 466 3420 bibendo,
484 3352 598 3424 patens
615 3339 646 3403 in
664 3337 885 3406 testimonium
901 3345 1032 3406 nostras
1047 3340 1178 3406 litteras
1194 3338 1258 3406 sibi
1274 3338 1367 3423 dari;
1385 3339 1444 3403 eni

309 3465 369 3510 nos
396 3453 567 3530 presentes
593 3448 743 3514 duximus
770 3446 1012 3516 concedendas.
1038 3447 1158 3514 Datum
1184 3467 1272 3514 anno
1299 3445 1438 3514 Domini

308 3553 366 3618 Ψ.
392 3552 471 3620 00⁰.
497 3546 1070 3640 Lxxx111r⁰,Doninioaproxtna
1088 3563 1163 3642 post
1186 3563 1323 3622 octavas
1338 3553 1443 3620 Beati

308 3659 509 3744 Archangeli
527 3659 711 3728 Michaelis.

414 3855 524 3922 Jeppset.
545 3850 744 3925 Bo'rlrdrtydra
766 3853 835 3909 irott
856 3851 921 3908 adrt
933 3852 1019 3920 levor,
1034 3853 1110 3926 moly
1123 3853 1241 3911 saokott
1256 3853 1359 3910 mddon
1372 3854 1444 3912 nadr

306 3939 400 3996 oltllnt
412 3938 502 3996 lrarelr
515 3941 659 4012 peosdttal
672 3941 734 3998 volt
748 3940 950 4014 lepsoadtslva.
964 3942 1101 4001 Hdtirata
1113 3961 1146 4000 sa
1160 3965 1167 4000 r
1191 3961 1245 4016 pro
1257 3943 1361 4000 comite
1372 3943 1439 4015 By·

305 4034 350 4084 tar
371 4045 457 4100 snper
477 4031 686 4103 protestatione
707 4031 786 4088 lacta
807 4049 859 4104 por
881 4029 1033 4090 Nicolaum
1046 4035 1083 4090 da
1097 4033 1216 4091 Ghatar.
1230 4035 1258 4090 Δ
1270 4033 1377 4092 ktkkoi
1391 4033 1439 4090 le-

305 4116 459 4176 rolcarban
472 4141 479 4176 ι
492 4121 576 4179 Fano.
591 4125 615 4177 1.
628 4140 656 4178 n.
668 4121 696 4176 4.
715 4110 798 4190 drap.
