3142 5170
576 351 752 453 „³224

100 556 163 618 iuro
181 560 246 618 tam
263 552 397 634 dotalia,
415 569 512 634 quam
528 551 596 616 alia
612 549 705 614 iuxta
732 550 1005 617 consuetudinem
1021 551 1126 636 Regni
1143 550 1207 617 Un-

97 661 181 746 garic
197 661 355 727 hactenus
371 659 404 724 in
421 658 534 726 eodem
551 657 666 741 Regno
676 657 812 742 pacifice
828 657 1033 726 observatam
1051 659 1205 744 impendi,

97 768 348 837 contradictores
374 773 407 833 et
431 766 573 835 rebelles
598 785 657 850 per
682 785 851 835 censuram
876 767 1136 835 ecclesiasticam
1152 785 1208 854 ap-

95 877 257 963 pelatione
271 875 466 964 postposita,
484 873 733 960 compescendo.
744 877 829 956 Quia
843 877 941 960 igitur
958 875 1064 944 eidem
1080 876 1205 960 Regino

94 992 269 1070 superbam
288 985 472 1071 periculoso
490 991 523 1051 et
538 981 718 1052 miserabili
734 991 819 1051 statu
836 985 906 1052 eins
931 983 1050 1052 affectu
1067 990 1205 1071 paterno

95 1093 327 1181 compatimur,
354 1111 538 1177 magnoque
555 1091 718 1159 desiderio
745 1093 909 1178 ducimur,
929 1101 964 1160 ut
978 1093 1009 1158 ei
1025 1100 1101 1178 post
1115 1100 1206 1161 tante

92 1204 308 1270 tribulationis
324 1202 470 1269 nubilum
486 1205 646 1270 serenitas
671 1201 779 1269 votive
805 1202 1043 1271 consolationis
1058 1201 1205 1286 accedat,

91 1311 282 1378 fraternitati
299 1317 352 1377 tue
368 1332 427 1395 per
443 1312 637 1395 Apostolica
662 1314 787 1396 scripta
803 1311 997 1378 mandamus
1006 1357 1016 1394 ‚
1042 1318 1204 1394 quatenns

90 1440 185 1506 snper
208 1421 375 1504 premissis
399 1421 596 1486 auctoritate
620 1425 735 1488 nostra
760 1422 941 1504 procedas,
970 1421 1063 1486 iuxta
1087 1419 1205 1505 profati

87 1529 331 1614 predecessoris
356 1547 546 1616 expressam
573 1530 726 1612 superins
753 1529 986 1596 continentiam
1011 1527 1203 1612 litterarum,

88 1637 341 1706 contradictores
357 1645 388 1704 et
404 1637 543 1705 rebelles
559 1657 619 1723 per
635 1657 806 1706 censuram
829 1637 1076 1704 ecclesiastcam
1092 1635 1204 1724 appol-

86 1746 209 1815 latione
225 1747 411 1833 postposita
426 1745 675 1833 compescendo.
699 1747 774 1812 Non
790 1746 961 1826 obstante,
988 1745 1018 1814 si
1043 1744 1149 1812 eidem
1165 1743 1201 1811 L.

85 1855 166 1937 Regi
183 1875 204 1919 a
219 1854 306 1922 Sede
321 1855 511 1936 Apostolica
533 1855 595 1924 sub
621 1873 824 1938 quacumque
842 1854 948 1922 forma
971 1853 1024 1919 vel
1041 1852 1203 1940 expressi·

86 1981 146 2029 ono
171 1963 342 2030 vorborum
368 1963 527 2030 indultum
552 1963 693 2044 existat,
720 1964 810 2049 quod
835 1961 1129 2046 excommunicari,
1147 1966 1204 2027 aut

85 2070 168 2154 quod
185 2075 271 2138 terre
287 2071 391 2155 ipsius
408 2071 559 2138 interdici
575 2091 641 2139 non
657 2071 787 2154 possint
797 2091 857 2158 per
871 2071 1000 2138 litteras
1010 2070 1097 2138 dicte
1113 2067 1203 2135 sedis

84 2199 146 2245 non
175 2179 336 2246 faciontes
361 2181 492 2264 plenam
519 2186 552 2246 et
583 2201 773 2266 expressam
798 2179 840 2249 de
865 2179 992 2248 indulto
1017 2176 1204 2246 huiusmodi

83 2286 281 2354 mentionem
290 2338 299 2373 ,
326 2295 385 2356 ant
399 2283 526 2371 {quavis
542 2289 611 2356 alie
626 2287 831 2375 indulgentia
847 2288 935 2357 sedis
952 2287 1119 2374 eiusdem,
1143 2304 1203 2372 per

83 2415 180 2479 pram
206 2397 342 2464 effectus
369 2399 567 2484 presentium
587 2397 737 2484 impediri
762 2398 875 2466 valeat
898 2397 951 2464 vel
976 2395 1109 2464 differri.
1135 2398 1201 2464 Da·

81 2512 147 2572 tum
163 2508 269 2572 Reate
285 2507 338 2573 VI.
367 2507 445 2574 Idus
470 2507 619 2592 Augusti.
636 2507 849 2574 Pontificatus
865 2507 967 2574 nostri
984 2527 1072 2572 anno
1092 2506 1197 2593 primo

180 2716 243 2788 (111.
256 2718 361 2775 nnnrcs
374 2717 452 2792 pepe
464 2719 663 2792 Regestaibcl,
674 2719 800 2776 nucina
813 2721 853 2776 rc.
865 2739 900 2778 m.
915 2720 937 2776 1.
951 2721 981 2776 n.
995 2721 1055 2778 aaa.
1069 2719 1101 2794 1.)
