3142 5170
588 291 739 394 Q

108 487 216 554 licitas
233 507 306 554 esse
323 485 420 568 dicit,
447 487 476 553 si
492 485 755 572 impedimentum
773 491 962 553 canonicum
980 507 1021 552 ex
1038 505 1142 553 ceusu
1156 489 1224 554 alia

108 617 173 663 non
189 596 335 664 obsistat.
352 596 432 681 Ipsa
449 614 576 678 quoque
593 596 810 664 Sacrosancta
821 595 1222 662 Romcnelloclesiusum·

107 727 193 772 mum
209 711 244 772 et
260 705 393 789 plenum
412 705 589 770 Primatum
615 711 647 770 et
663 705 885 790 Principetum
911 725 1009 790 snper
1034 705 1222 772 uniuersam

105 814 311 884 Octbolioam
326 811 506 880 Ecclesiam
524 813 694 898 obtinens,
721 833 816 897 quern
832 831 868 880 se
886 813 928 879 ab
945 812 1016 897 ipso
1033 813 1173 882 Domino
1188 812 1222 878 in

106 925 211 991 Beato
228 923 326 989 Petro
344 922 573 1006 Apostolorum
598 921 746 1008 principe
762 942 822 989 sou
841 923 971 1006 vortice,
990 923 1080 990 cuius
1097 923 1214 990 Rorna-

104 1050 167 1096 nns
192 1030 342 1097 Pontifex
374 1036 424 1096 est
449 1048 639 1115 successor,
665 1049 736 1096 cum
762 1030 935 1115 potestatis
956 1028 1158 1117 plenitudine
1174 1047 1222 1094 re-

106 1138 237 1224 cepisse
262 1139 423 1206 vercciter
449 1145 480 1205 et
505 1138 667 1206 humiliter
687 1139 912 1224 recognoscit,
930 1139 1013 1206 sicut
1028 1157 1086 1225 pre
1102 1137 1220 1205 ceteris

105 1253 235 1313 tenetur
251 1245 326 1312 fidei
340 1246 513 1314 veritatem
530 1247 718 1328 defendere,
730 1249 777 1314 sic
790 1256 821 1313 et
833 1251 860 1314 si
872 1267 935 1331 que
952 1248 993 1314 de
1008 1246 1072 1314 fide
1089 1246 1222 1314 suborto

106 1355 232 1421 fuerint
247 1357 445 1437 questiones,
462 1373 519 1420 suo
537 1351 635 1422 debet
653 1353 772 1422 iudicio
789 1353 938 1421 diffinire.
965 1355 1018 1422 Ad
1044 1373 1141 1439 quam
1168 1373 1223 1443 po·

106 1469 175 1529 test
201 1473 356 1547 maratus
384 1464 521 1546 quilibet
544 1463 577 1527 in
603 1463 743 1548 negotiis
769 1461 942 1529 adfurum
969 1462 1224 1530 ecclesiasticum

106 1571 350 1658 pertinentibus
367 1571 547 1658 appellare,
564 1569 624 1636 sed
641 1578 674 1637 et
690 1571 722 1637 in
739 1570 886 1638 omnibus
903 1570 1008 1638 causis
1024 1571 1068 1638 ad
1085 1589 1222 1637 examen

108 1679 371 1746 ecclesiasticum
388 1679 612 1764 spectantibus
629 1678 672 1743 ud
688 1678 789 1764 ipsius
805 1687 912 1764 potest
928 1677 1049 1745 recurri
1060 1677 1222 1760 iudicium,

107 1795 142 1854 et
168 1786 275 1854 cidem
290 1805 403 1854 omnes
419 1787 556 1854 ecclesie
578 1791 654 1855 sunt
679 1785 841 1864 subieete‚
866 1785 1076 1871 ipsarumque
1092 1785 1223 1868 Prolati,

106 1901 141 1960 et
168 1894 390 1961 obedientium
416 1903 448 1961 et
472 1894 688 1960 reverentiam
715 1893 776 1960 sibi
796 1895 934 1979 debent,
961 1895 1050 1982 opud
1066 1913 1159 1978 quem
1176 1894 1224 1960 sic

106 2001 279 2090 plenitudo
296 2003 470 2088 potestatis
487 2003 635 2069 consistit
645 2051 654 2086 ,
680 2001 763 2086 quod
782 2002 942 2070 eeclesias
956 2011 1082 2071 ceteras
1100 2002 1143 2069 od
1159 2003 1223 2070 sol·

107 2111 289 2178 licitnriinis
306 2117 433 2197 partem
459 2111 607 2177 admittit.
625 2109 768 2189 Quorum
785 2112 914 2194 multus,
932 2117 964 2176 et
980 2109 1223 2177 Patriarchslos

107 2220 265 2305 precipue
281 2219 421 2286 diversis
447 2219 627 2304 privilegiis
654 2217 770 2284 eadem
794 2221 941 2288 Romana
961 2219 1112 2284 Ecclesia
1127 2217 1225 2285 hono·

105 2328 215 2406 ravit,
240 2345 300 2393 suc
325 2334 435 2392 tamen
462 2327 672 2414 prerogotiva
698 2334 766 2391 tem
786 2328 820 2393 in
836 2326 1045 2410 generalibus
1061 2327 1224 2408 Conciliis,

106 2455 207 2519 quom
226 2437 259 2500 in
276 2436 531 2519 quibuscumque
547 2435 622 2500 eliis
646 2451 775 2518 semper
799 2437 902 2501 salve.
919 2435 1039 2500 Datum
1054 2433 1159 2502 Recte
1180 2436 1223 2503 X.

106 2543 278 2610 kalendas
293 2545 441 2626 Augusti.
460 2541 670 2609 Pontificatus
686 2542 788 2609 nostri
804 2559 890 2607 anno
906 2542 1020 2627 primo.

110 2736 180 2810 (IV.
193 2737 298 2792 lutilos
311 2736 388 2808 pulpa
401 2735 608 2809 Regesttibdl,
627 2737 756 2794 Tbeiner
777 2736 963 2792 Monumenta
975 2735 1031 2792 stb.
1041 2735 1064 2789 1.
1076 2733 1105 2790 k.
1118 2733 1180 2792 360.
1193 2733 1224 2806 l.)
