3116 5166
597 414 623 422 s
659 323 762 424 tl„

116 519 178 588 boc
204 519 311 588 eidem
327 518 405 586 fidei
421 521 606 608 orthodorre
622 539 688 586 non
705 524 754 585 cst
771 523 901 589 dubium
919 525 1106 608 imminere,
1127 527 1168 592 ad
1187 547 1240 592 es·

114 628 310 702 sumendum
323 635 408 696 terre
423 630 573 714 sepelete
590 630 756 713 negotium
772 649 809 697 so
826 635 936 716 potius
954 635 1122 719 ingerent,
1140 655 1238 718 quam

113 739 246 808 invitari
263 738 306 804 ud
321 737 382 806 lucc
399 740 662 807 commonicionis
673 740 814 806 alicuius
825 743 983 826 suffragio
994 744 1235 829 expectabunt:
1283 725 1285 732 ’

113 846 192 927 quis
218 853 327 914 tamen
353 865 544 932 speramur,
563 845 778 929 qnodvoocm
794 849 924 917 virtutis
948 850 1063 916 tribuit
1089 853 1240 919 dominus

112 953 188 1020 voci
203 974 263 1022 sue
280 955 354 1022 :ed
370 957 606 1039 promotionem
632 954 734 1039 ipsius
759 959 882 1040 negotii
908 960 1049 1034 verbnm¹
1068 961 1175 1026 crucis
1202 961 1238 1026 in

112 1063 292 1130 commisse
306 1064 368 1129 tibi
384 1063 548 1150 provintia
566 1064 771 1130 decrevimus
798 1067 1065 1154 proponendum,
1093 1071 1133 1135 ed
1151 1069 1240 1152 quod

112 1177 171 1238 tuo
196 1191 236 1236 ec
261 1171 399 1238 fratrum
420 1173 481 1249 ,tui
494 1171 618 1236 ordinis
635 1171 819 1254 ministerio
837 1181 927 1238 tanto
944 1175 1162 1242 confidentius
1180 1175 1240 1242 uti-

113 1299 207 1363 mur,
223 1286 345 1362 quanto
369 1300 429 1348 vos
445 1279 488 1344 ad
505 1277 540 1344 id
566 1279 715 1345 utiliores
740 1281 910 1364 religionis
931 1279 1043 1350 vestre
1059 1277 1193 1350 claritas
1210 1293 1241 1352 et

112 1386 218 1472 selus,
236 1409 385 1472 quovos,
405 1389 449 1454 ad
466 1408 518 1473 ee,
535 1405 599 1470 que
616 1388 677 1454 Dei
694 1395 772 1454 sunt
781 1437 790 1470 ‚
809 1388 936 1456 fervere
951 1393 1178 1476 presumimus,
1194 1413 1241 1459 rc·
1297 1403 1298 1408 ’

112 1497 286 1579 promittit.
313 1498 457 1580 Ideoque
474 1499 506 1561 in
533 1495 707 1562 commissa
726 1497 787 1563 tibi
804 1498 974 1580 provincia
1006 1501 1243 1584 predicationis

111 1601 258 1672 officium
274 1611 308 1674 in
324 1604 473 1674 fororem
488 1623 529 1670 ee
545 1605 718 1671 utilitatem
736 1605 880 1671 ciusdem
907 1610 1028 1692 negotii
1044 1609 1241 1694 presentium

112 1714 174 1780 tibi
199 1713 397 1782 auctoritate
424 1714 673 1796 committimus,
701 1715 733 1778 in
761 1714 988 1783 remissionem
1015 1718 1241 1801 peccaminum

113 1821 334 1908 iniungentes,
352 1830 513 1906 quatenus
529 1824 562 1888 in
579 1823 765 1890 huiusmodi
781 1823 899 1908 effide,
916 1825 1007 1890 iuxta
1018 1825 1129 1892 datam
1140 1847 1160 1891 a
1172 1825 1242 1892 Deo

111 1930 170 1996 tibi
187 1930 407 2017 prudentium,
424 1951 495 1998 curn
512 1931 617 2013 omni,
635 1951 698 2014 quo
713 1932 837 2016 poteris
854 1933 999 2001 efficatia
1015 1942 1048 2000 et
1064 1935 1243 2000 attentione

110 2041 315 2125 procedens,
334 2041 421 2107 illud.
440 2059 500 2126 per
526 2048 558 2106 te
575 2039 715 2119 ocellos
732 2041 852 2107 fratres
878 2043 981 2126 ipsius
1007 2041 1131 2110 ordinis
1157 2035 1242 2110 oomss

109 2149 216 2215 misse
242 2150 301 2215 tibi
326 2149 505 2237 provintie,
521 2157 605 2232 q'uos
621 2149 664 2216 ed
681 2148 715 2214 id
733 2149 775 2216 de
791 2147 1162 2222 consilto'ciseretorum
1179 2152 1243 2217 ira·

108 2265 194 2325 trum
206 2259 358 2326 :eiusdem
375 2259 503 2326 ordinis
519 2259 651 2326 duxeris
668 2259 847 2344 eligendos,
866 2279 1014 2344 quosque
1031 2259 1091 2325 tibi
1106 2279 1166 2344 per
1181 2261 1243 2326 vir-

108 2374 217 2437 tutem
243 2369 431 2435 obedientie
458 2387 574 2452 cogere
599 2367 699 2435 liceat
714 2367 758 2434 ad
773 2369 861 2436 idem
887 2369 1029 2435 cilicium
1046 2387 1243 2455 prosequen-

107 2477 207 2557 dum,
234 2484 268 2543 et
283 2484 422 2558 mutere,
440 2478 591 2560 quotiens
609 2483 827 2562 opportunum
844 2477 909 2561 ipsi
924 2479 1056 2562 negotio
1074 2485 1107 2543 et
1122 2479 1242 2544 tibi-vi·

106 2588 246 2653 debitur
263 2586 431 2672 expedire.
447 2585 521 2650 Nou
538 2585 709 2665 obstante,
728 2585 813 2667 quod
834 2585 897 2651 boc
913 2586 1074 2653 idem-clii
1091 2587 1135 2653 sit
1153 2605 1242 2652 com-

106 2698 267 2770 missum,
289 2693 428 2762 studeas
454 2692 572 2776 exequi
598 2693 792 2776 diligenter,
819 2713 932 2761 omnes
959 2715 1041 2777 quos
1057 2694 1155 2762 utiles
1171 2695 1242 2761 fore

104 2803 293 2890 putaveris,
311 2802 487 2870 instantius
503 2801 703 2882 inducendo,
716 2809 750 2867 ut
767 2803 985 2888 suscipientes
1003 2823 1074 2871 cum
1091 2823 1243 2871 reveren·

105 2918 159 2981 tia
173 2915 304 2998 signum
320 2911 437 2995 crucis,
454 2911 628 2996 ipsamque
644 2909 713 2976 suis
730 2909 883 2976 cordibus
901 2919 934 2977 et
945 2913 1090 2980 humeris
1107 2912 1242 2997 affigen-

106 3031 177 3104 tes,
204 3021 251 3089 ad
276 3025 364 3086 terre
387 2999 573 3087 memorate
584 3037 776 3086 succursum
800 3019 937 3087 viriliter
954 3041 991 3088 sc
1007 3020 1189 3106 accingent,
1204 3037 1245 3085 ec

103 3131 217 3218 ipsius
234 3129 401 3213 negotium
417 3127 560 3193 fideliter
586 3135 797 3209 exequentur.
818 3129 860 3193 Et
877 3135 911 3192 ut
926 3127 1025 3194 iidem
1041 3116 1154 3195 fideles
1172 3142 1244 3211 pre·

102 3241 216 3307 misse
232 3259 272 3304 eo
290 3236 465 3319 libentius,
483 3254 590 3319 eoque
607 3235 786 3301 ferventius
813 3237 966 3319 prosequi
983 3221 1157 3318 studeant,
1176 3253 1242 3317 quo

100 3351 278 3436 potiorem
303 3365 341 3414 se
366 3345 520 3428 noverint.
539 3343 678 3410 fructum
701 3363 741 3408 ex
758 3345 827 3410 suis
844 3343 1014 3411 laboribus
1030 3350 1243 3430 percepturos

101 3479 173 3526 nos
202 3457 245 3522 de
270 3453 516 3539 omnipotentis
543 3451 606 3518 Dei
622 3452 848 3518 misericordie
863 3458 896 3516 et
913 3453 1089 3518 Beutorum
1105 3452 1193 3519 Petri
1211 3457 1243 3519 ot

101 3565 210 3634 Pauli
236 3563 468 3652 Apostolorum
495 3560 563 3626 eius
583 3560 778 3624 auctoritate
796 3559 919 3642 contisi,
938 3565 971 3625 et
987 3559 1172 3642 illo,·quum
1188 3577 1242 3624 no-

100 3677 160 3743 bis
178 3674 273 3742 Deus
291 3671 544 3757 ligandi,.otquc
558 3668 708 3735 solvendi
724 3669 882 3753 contulit,
898 3673 1076 3752 potestate,
1094 3668 1243 3734 omnibus

97 3807 190 3852 vere
216 3781 450 3869 penitentibus
467 3787 500 3844 et
525 3775 697 3858 confessis,
713 3777 973 3859 qui-huiusmodi
989 3777 1137 3844 laborem
1154 3778 1242 3844 solu·

97 3893 208 3960 tifere
225 3890 334 3957 crucis
350 3889 446 3972 signo
473 3891 627 3972 suscepto
653 3886 686 3949 in
703 3887 854 3970 personis
870 3886 995 3973 propiis
1012 3885 1194 3970 subierint,
1211 3892 1244 3952 et

95 4001 290 4088 expensis,
308 4001 444 4084 plenam
461 4006 670 4082 peccatorum
687 4013 839 4073 suorum,
856 3989 1030 4078 dequibus
1048 3995 1245 4062 cordecon·

95 4111 179 4179 triti
192 4117 233 4178 :ct
247 4127 303 4176 ore
320 4105 463 4174 confessi
480 4105 608 4189 fuerint,
626 4103 755 4169 veniam
772 4101 981 4186 indulgemus
1006 4111 1040 4170 et
1057 4104 1091 4169 is
1107 4102 1242 4170 retribu-

94 4223 235 4288 tionem
260 4219 420 4283 iustorum
446 4214 564 4280 salutis
590 4219 701 4280 eterne
725 4211 918 4298 pollicemur
945 4220 1166 4297 augmentum.
1184 4213 1243 4278 Eis

89 4337 223 4398 autem
240 4329 296 4412 qui
314 4347 378 4392 non
404 4307 439 4390 in
463 4322 616 4409 personis
641 4321 783 4406 propriis
801 4321 877 4388 illuc
894 4321 1114 4407 accesserint,
1131 4319 1190 4388 sed
1206 4322 1242 4387 in

89 4443 178 4509 suis
207 4417 384 4502 dumtesat
410 4431 564 4517 expensis
591 4431 684 4498 iuxta
710 4429 886 4514 qualitates
913 4437 945 4496 ct
970 4428 1146 4497 facultates
1161 4445 1260 4496 sues·

86 4553 203 4618 viros
229 4543 641 4630 ydoneosdcstinaueriut
666 4541 752 4625 illic,
779 4539 870 4604 iuxta
887 4538 1095 4624 providentie
1111 4537 1238 4603 tuevel

85 4663 258 4751 ipsorum
283 4655 418 4720 fratrum
444 4649 617 4720 arbitrium
644 4655 847 4737 moretur0s3
873 4647 987 4716 stillis
1004 4647 1164 4730 similiter,
1183 4647 1239 4712 oui
