3002 5148
532 933 603 1030 rm,

16 1151 72 1214 ill.
99 1148 217 1216 Mikros
236 1153 329 1238 pdpo
356 1150 533 1232 Lodomc'rt,
549 1149 584 1214 lo·
599 1172 620 1213 α
635 1149 839 1238 rrapyodrodi
852 1145 1078 1236 pocpokceqbtt
1093 1167 1132 1210 aa

16 1261 190 1346 szterpami
205 1259 377 1346 c‘rockmprc
393 1259 575 1343 emcltetett,
601 1258 662 1324 IV.
680 1258 797 1324 Ldsalo
809 1277 942 1344 mappas
957 1253 1130 1342 kirdlyunk

444 1363 583 1454 ajdalja.
599 1365 697 1432 1279.

115 1581 271 1652 Nicolaus
297 1582 481 1672 Episcopus
507 1603 623 1654 seruus
642 1603 814 1654 seruorum
830 1582 893 1652 Dei
909 1583 1080 1652 carissimo
1096 1581 1131 1650 in

16 1691 136 1761 lbristo
152 1692 220 1760 filio
247 1691 405 1761 Ladizlao
421 1693 508 1779 Regi
535 1693 682 1780 Ungarie
699 1692 826 1761 Illustri
843 1691 983 1760 salutem
1000 1691 1130 1776 etApo·

16 1801 157 1867 rtolicam
174 1799 450 1870 benedictionem.
468 1799 519 1868 Ad
534 1801 646 1870 utilem
663 1799 885 1887 provisionem
897 1797 1132 1885 strigoniensis

16 1907 175 1992 Ecclesie,
192 1928 290 1994 qnam
315 1908 417 1976 etiam
442 1909 543 1978 totins
569 1909 678 1994 Regni
695 1907 844 1995 Ungaric
860 1918 1061 1994 proventura
1077 1928 1131 1975 ex·

19 2015 105 2102 nde,
121 2023 156 2084 ut
172 2023 340 2102 speratur,
359 2016 516 2100 exigebat
532 2017 681 2101 utilitas,
697 2039 737 2086 oo
753 2017 950 2104 propensius
975 2037 1036 2085 nos
1053 2033 1133 2082 cura

16 2126 186 2210 pastoralis
202 2124 392 2194 sollicitavit
419 2124 527 2212 officii,
552 2128 641 2220 quod
657 2126 700 2194 ad
717 2147 791 2194 eam
807 2146 872 2194 non
889 2126 995 2194 solnm
1012 2125 1133 2192 cxcita-

16 2239 65 2298 ιιι
84 2235 184 2320 zelus,
201 2241 235 2302 et
251 2235 452 2304 conscientia
467 2237 607 2320 urgebat
624 2235 821 2319 instantius,
847 2233 907 2302 sed
923 2235 1014 2304 illam
1033 2233 1132 2302 etiam

16 2359 63 2406 lue
81 2340 248 2410 nobisnon
267 2345 380 2426 ignote
402 2344 613 2412 necessitatis
630 2344 790 2411 instantia
805 2341 1017 2428 exposcebat.
1034 2341 1132 2410 Noui·

16 2469 78 2516 nus
96 2451 226 2536 etenim,
243 2451 328 2534 quod
345 2452 516 2521 electionis
534 2455 575 2520 de
591 2452 710 2520 dilecto
727 2450 795 2518 filio
810 2449 950 2518 Nicolao
961 2449 1132 2535 Proposito

16 2556 225 2628 Pransilvano
252 2561 372 2629 dudum
399 2564 432 2629 in
457 2559 574 2630 eadem
601 2561 754 2628 Ecclesia
780 2559 946 2628 celebrate
975 2554 1132 2642 cognitio,

17 2685 65 2735 ›er
80 2668 174 2736 varia
191 2668 397 2756 subterfugia
422 2676 595 2757 protracta
621 2669 756 2752 diutins,
777 2673 889 2754 utpote
906 2665 1011 2735 felicis
1026 2683 1132 2732 recor-

17 2775 152 2844 lationls
169 2775 321 2863 Gregorii
332 2779 424 2866 Pape
439 2779 481 2844 X.
499 2779 603 2846 nostri
621 2777 865 2864 predecessoris
882 2776 1039 2843 inchoata
1054 2781 1133 2841 tem·

17 2881 148 2968 roribus,
167 2889 317 2969 eiusque
334 2884 377 2953 ad
393 2893 509 2954 nostra
525 2886 678 2971 deducta,
706 2885 847 2954 eandem
864 2884 1045 2952 Ecclesiam
1063 2882 1133 2948 diu·

18 2993 73 3058 inc
88 2995 272 3064 uacationis
289 2995 421 3064 vexavit
446 2995 638 3081 incomodis,
665 2994 791 3064 attrivit
807 2993 935 3061 iniuriis
952 2999 985 3061 et
1002 2992 1133 3078 dispen-

17 3098 68 3164 liis
85 3098 251 3172 immensis
262 3101 391 3184 afflixit,
408 3111 540 3191 propter
556 3105 644 3188 quod
653 3123 714 3172 nos
725 3100 909 3169 huiusmodi
920 3099 1133 3184 subterfugiis

17 3208 194 3276 rccomodis
219 3210 373 3278 remediis
399 3210 461 3278 iuri
487 3213 642 3282 consonis
663 3217 890 3294 occurrentes,
916 3209 1052 3276 tandem
1068 3205 1132 3274 ele·

17 3315 114 3384 tione
140 3317 213 3403 ipsa
241 3318 284 3385 de
303 3319 438 3388 fratrum
453 3328 634 3390 nostrorum
651 3321 799 3405 consilio,
816 3318 944 3386 iustitia
964 3316 1133 3400 exigente,

18 3431 150 3510 assata,
168 3434 201 3493 et
217 3428 436 3512 postulatione
453 3431 495 3498 dc
520 3429 703 3500 venerabili
730 3428 831 3496 fratre
856 3432 994 3516 poetro.
1015 3474 1048 3491 ..
1067 3424 1131 3490 Ve-

22 3533 190 3617 primiensi
217 3538 384 3626 Episcopo
411 3541 443 3606 in
470 3541 588 3608 cadem
605 3537 758 3606 Ecclesia
774 3537 955 3621 celebrata,
973 3555 1039 3602 non
1059 3552 1132 3622 per-

22 3663 87 3710 one
103 3644 194 3730 vitio,
212 3665 285 3714 cum
302 3649 403 3714 ctiam
415 3649 581 3732 cognitum
599 3649 696 3732 plene
714 3647 756 3714 de
772 3647 847 3733 ipsa
864 3665 930 3714 non
948 3641 1056 3728 fuerit,
1068 3639 1129 3710 sed

18 3757 140 3835 tropier
165 3753 251 3822 alias
278 3755 356 3822 iacti
382 3753 646 3824 circumstantias
673 3775 738 3822 non
764 3753 921 3838 admissa,
940 3772 981 3820 ne
998 3747 1129 3819 vacatio

18 3861 165 3929 ›rolixior
175 3913 185 3948 ,
211 3883 310 3946 quam
337 3865 527 3934 verisimilis
544 3865 708 3934 dissensio
725 3861 964 3950 strigoniensis
983 3857 1130 3946 Capituli

18 3975 37 4032 t
63 3971 223 4037 nonnulla
240 3973 309 4041 alia
324 3974 556 4057 minabantur,
573 3975 730 4060 grauiora
745 3973 854 4041 eidem
870 3968 1020 4040 Ecclesie
1036 3967 1129 4052 inge·

20 4083 93 4144 eret
109 4078 317 4158 detrimenta,
333 4079 397 4148 hac
413 4082 486 4151 uice
502 4083 723 4168 provisionem
749 4082 851 4168 ipsius
877 4077 1028 4147 Ecclesie
1054 4075 1137 4144 Sodi

19 4187 198 4270 lpostolice
221 4189 375 4257 duximus
401 4191 643 4260 reservandam.
671 4191 900 4259 Verumtamen
917 4187 962 4258 ad
979 4206 1053 4256 earn
1072 4185 1132 4252 ali-

19 4293 162 4377 pnamdiu
188 4297 368 4386 procedere
393 4321 458 4368 non
484 4301 556 4370 sinc
582 4321 684 4372 causa
709 4303 916 4384 distulimus,
933 4305 970 4366 nt
986 4304 1133 4382 tempore

19 4411 84 4472 lato
110 4403 154 4470 ad
180 4405 447 4478 informationem
472 4409 694 4496 recipiendam
722 4411 765 4479 de
790 4427 935 4497 persona
950 4405 1054 4493 ipsius
1071 4403 1133 4470 Ec-

19 4511 106 4579 lesie
123 4509 245 4582 honori
261 4523 294 4583 et
311 4518 402 4584 oneri
418 4523 631 4602 congruente,
643 4515 934 4600 quantomuturius
945 4520 1040 4582 tanto
1060 4529 1134 4577 oon·

23 4621 137 4704 ultius,
155 4628 313 4707 tantoque
330 4624 443 4690 utilius
469 4625 560 4692 iuxta
577 4633 690 4694 nostra
706 4625 874 4696 desideria
898 4620 1046 4690 Ecclesie
1062 4635 1135 4700 pro·

19 4729 190 4797 ideremus
216 4731 335 4801 eidem.
361 4731 498 4801 Domum
525 4739 634 4803 autem
659 4735 812 4820 personis
837 4732 939 4800 variis
964 4731 1134 4797 innostro
