3142 5164
98 1025 163 1091 111.
181 1024 303 1091 Mitte
312 1023 470 1111 pdpdnolc
486 1022 633 1089 Erecdbet
648 1043 780 1110 mappae
794 1022 1000 1112 circipatloz
1024 1027 1148 1094 intezett
1164 1025 1225 1092 tiz-

509 1131 579 1198 tcto
592 1130 697 1198 locale.
717 1131 815 1197 1279.

207 1291 364 1361 Nicolaus
386 1291 571 1380 Episcopus
592 1311 707 1360 seruus
733 1313 899 1362 seruorum
915 1295 979 1363 Dei
1005 1296 1175 1365 carissime
1191 1294 1226 1362 in

96 1400 231 1472 christo
255 1401 346 1471 filie.
365 1450 372 1466 .
390 1450 399 1468 .
415 1401 544 1489 Regino
560 1399 708 1486 Ungarie
726 1402 850 1472 Illustri
867 1404 1058 1474 salutemet
1078 1407 1224 1491 Aposto·
1322 1415 1325 1420 '

95 1511 195 1580 licam
216 1510 488 1580 benedictionem.
508 1511 651 1578 Paterna
667 1511 784 1580 domus
802 1517 860 1579 tua
878 1514 1009 1582 celestis
1025 1515 1133 1600 gratie
1149 1535 1223 1582 rore

96 1622 235 1708 perfusa
251 1619 440 1690 catholicos
455 1619 639 1706 Principes,
656 1618 831 1689 offerentes
847 1622 988 1698 Domino
1000 1621 1226 1690 indevotionis

96 1729 218 1815 spiritu
235 1735 312 1796 vota
328 1749 410 1814 sua,
434 1726 594 1797 laudabili
617 1731 829 1798 successione
844 1730 1017 1818 produxit,
1045 1734 1079 1800 in
1106 1731 1225 1816 quibus

96 1843 248 1906 timorem
265 1836 399 1924 superni
425 1837 568 1906 nominis
584 1841 617 1904 ct
634 1857 779 1906 amorem
800 1836 850 1905 sic
868 1838 991 1906 Divina
1017 1839 1226 1926 providentia

94 1944 272 2030 radicavit,
290 1945 377 2032 quod
393 1964 503 2013 eorum
520 1945 682 2033 cogitatus
700 1954 733 2012 et
749 1967 851 2034 opera
867 1949 1090 2035 beneplacitis
1119 1949 1225 2016 eterni

95 2055 207 2146 patris
225 2053 394 2143 ,promptis
418 2060 452 2120 et
476 2053 640 2122 continuis
666 2055 784 2124 studiis
811 2056 1023 2124 adheserunt.
1061 2057 1225 2125 Nimirum

95 2167 222 2252 itaque,
238 2163 318 2248 lilia,
335 2163 365 2231 si
381 2163 423 2231 de
448 2165 564 2232 innata
580 2164 640 2231 tibi
657 2163 849 2233 sinceritate
876 2165 1068 2232 confidimus
1090 2173 1124 2233 ct
1139 2185 1225 2252 gau·

95 2277 217 2344 demus
233 2275 269 2342 iu
283 2273 425 2342 Domino
435 2321 445 2356 ,
472 2271 548 2340 dum
564 2281 597 2338 te
612 2274 765 2362 puritatis
792 2275 1023 2360 constantiam,
1040 2293 1105 2358 qua
1120 2277 1227 2342 Deum

95 2391 228 2474 patrem
243 2383 358 2452 humili
374 2383 492 2470 spiritu
517 2383 695 2466 revereris,
722 2389 820 2469 grata
837 2385 1048 2470 perceptione
1069 2385 1226 2452 sentimus

95 2500 131 2560 et
146 2491 300 2562 audimus
309 2539 319 2576 ,
344 2489 432 2576 quod
448 2491 484 2558 in
500 2497 534 2559 te
550 2492 695 2558 animum
720 2491 849 2558 virilem
877 2489 1059 2560 observans
1075 2512 1135 2577 pro
1150 2491 1228 2558 fidei

95 2601 253 2669 claritate
269 2596 434 2668 servande
451 2604 485 2666 et
500 2599 664 2668 libertatis
682 2600 911 2668 ecclesiastice
923 2598 1176 2668 conservatione
1193 2600 1227 2666 in

95 2709 161 2778 Dei
176 2707 387 2796 beneplacito
403 2707 556 2776 radicata
570 2706 733 2795 persistis,
750 2713 783 2774 et
800 2705 934 2777 assistis
950 2707 1226 2794 prosequentibus

97 2835 237 2886 causam
253 2815 387 2902 christi,
413 2835 473 2883 uec
490 2817 598 2884 minus
622 2815 788 2885 erroribus
804 2814 954 2884 virtuosa
969 2815 1099 2884 resistis
1115 2816 1228 2902 posita

97 2929 186 2997 inter
202 2931 382 2996 extraneas
398 2925 563 2995 nationes.
588 2925 708 3010 Sicque
726 2926 825 3011 digne
843 2945 1023 3012 speramus,
1046 2925 1134 3012 quod
1150 2947 1226 3012 ger-

97 3037 205 3104 mines
222 3035 309 3102 sient
318 3052 470 3123 propago
482 3031 652 3102 fructifera
668 3034 701 3098 in
714 3033 809 3100 domo
821 3035 953 3103 Domini
969 3035 1093 3103 fructus
1109 3034 1226 3118 bonos,

97 3163 160 3210 neo
176 3145 341 3212 immerito
357 3163 418 3212 nos
435 3142 586 3210 turbaret
601 3142 765 3222 anxietas,
783 3143 812 3210 si
830 3143 1005 3226 quicquam
1026 3142 1134 3209 nubili
1150 3159 1226 3210 oon-

97 3253 269 3339 taglosum
286 3253 493 3338 insurgeret,
519 3249 605 3335 quod
621 3257 711 3317 tuem
728 3251 846 3336 quovis
871 3248 966 3316 modo
984 3249 1160 3335 puritatem
1177 3250 1226 3316 in·

101 3361 235 3444 ficeret,
262 3361 317 3428 vel
343 3361 576 3430 obtenebraret
592 3361 626 3426 in
646 3366 680 3426 te
705 3359 837 3426 luminis
859 3358 1045 3425 claritatem
1070 3355 1226 3424 dedomo

101 3469 269 3538 catholica
294 3467 521 3556 refulgentem.
553 3465 730 3536 circumda
755 3475 788 3534 te
815 3468 914 3553 igitur
938 3465 1101 3533 verietate
1125 3467 1224 3533 virtu·

98 3585 178 3662 tum,
195 3576 318 3661 quibus
334 3583 368 3644 te
379 3575 540 3646 Dominus
550 3579 583 3642 iu
600 3573 882 3662 suobeneplacito
892 3580 1060 3658 tamquam
1076 3576 1227 3660 preclaro

98 3685 290 3757 devotionis
305 3682 406 3752 filiam
424 3683 604 3770 insignivit,
622 3691 656 3751 et
671 3683 814 3769 Regales
831 3689 958 3768 gestus,
973 3701 1110 3766 quorum
1128 3701 1226 3769 gene·

95 3794 145 3861 ris
161 3793 323 3884 prosapia
339 3791 434 3878 Regii
452 3791 530 3858 dcte
556 3797 723 3860 naturate
739 3792 937 3879 participem
954 3789 1088 3876 statuit,
1115 3791 1226 3859 obser·

94 3921 196 3983 vens,
212 3901 262 3970 illi
277 3901 422 3970 totaliter
438 3906 472 3966 te
488 3900 683 3983 conformes,
700 3909 736 3968 ut
750 3901 786 3968 in
802 3899 904 3986 Regis
921 3901 1047 3986 Regum
1064 3899 1227 3968 introduci

94 4011 247 4096 cellaria,
266 4015 300 4077 et
317 4008 350 4076 iu
366 4008 503 4097 superni
519 4009 688 4093 quiescere
708 4009 936 4078 mansionibus
953 4009 1110 4076 merearis
1125 4033 1134 4076 ε
1151 4029 1227 4078 nos·

93 4137 166 4205 que
182 4119 226 4188 de
241 4119 310 4188 tuis
325 4118 456 4188 actibus
472 4117 689 4204 fragrantiam
706 4118 926 4206 percipientes
944 4115 1066 4203 odoris,
1084 4117 1156 4187 Deo
1173 4138 1228 4186 sa·

91 4226 202 4295 lutari
218 4235 332 4297 uostm
346 4225 465 4296 landes
482 4233 517 4294 et
532 4228 658 4310 gratias
676 4227 869 4295 referamus.
884 4227 1009 4294 Datum
1021 4227 1123 4295 Rome
1138 4227 1227 4312 apud

89 4337 259 4404 Sanctum
285 4335 413 4405 Petrum
447 4337 485 4404 V.
511 4335 590 4405 Idus
615 4335 820 4406 Decembris.
847 4333 1079 4423 (Pontificatus
1106 4333 1227 4422 nostri)

86 4465 189 4515 anno
204 4443 366 4516 secundo.

197 4604 260 4679 (111.
275 4603 384 4662 murce
398 4603 478 4678 papa
491 4603 689 4678 acesinen,
702 4603 831 4661 ussine
843 4603 881 4659 re.
894 4619 931 4660 m.
944 4602 966 4660 1.
979 4603 1008 4660 s.
1023 4601 1085 4658 ecs.
1096 4601 1128 4673 ι.)

564 4723 757 4739 —v—w-
