3142 5170
875 283 942 352 320

355 479 528 566 asiugnlio
553 477 723 564 denotari5
750 499 808 566 pro
825 500 862 546 oo
879 481 1030 562 maxime,
1052 479 1138 564 quod
1154 480 1312 563 religione
1328 480 1470 548 christi·

355 609 418 656 ana
444 591 644 675 postposita,
672 590 724 656 vel
753 589 864 675 potins
888 590 1037 674 abieoto,
1064 589 1096 653 iu
1123 595 1339 676 contemptum
1357 590 1473 656 Divini

352 695 491 764 nominis
515 703 550 764 to
574 717 647 764 oum
671 699 839 784 Tartesia,
864 698 1079 772 sarracenis,
1105 698 1279 783 Naugeriis
1306 705 1338 764 et
1366 699 1472 780 Pago-

354 805 403 871 uis
430 806 680 873 conversatione
705 805 884 895 dampnata
910 807 1123 875 consederam
1149 813 1182 872 te
1209 805 1344 892 dioeris,
1374 825 1471 891 speo-

353 912 461 980 ialiter
476 912 606 982 vivendi
623 934 694 980 oum
712 914 834 981 eisdem
850 914 1024 999 Naugeriis
1051 933 1166 981 norma
1180 919 1325 998 sumpta,
1353 923 1391 979 et
1419 916 1472 980 ab·

352 1021 446 1106 ieota,
462 1025 565 1090 immo
581 1023 689 1108 potins
706 1023 830 1090 earoeri
851 1023 974 1090 tradita
995 1022 1179 1090 immaniter
1199 1041 1300 1089 uxore
1321 1023 1470 1107 propria,

351 1129 505 1198 videlieet
519 1131 688 1196 carissima
704 1128 737 1196 in
755 1131 883 1198 Christo
909 1130 978 1196 filia
995 1141 1108 1198 nostra
1123 1131 1160 1194 ll.
1179 1130 1304 1211 Regina
1320 1127 1469 1216 Ungario

350 1239 476 1306 Illustri
486 1288 495 1323 ,
523 1236 697 1304 deseviens
723 1240 756 1306 in
778 1245 815 1305 'te
840 1239 947 1324 ipsum
965 1247 997 1304 et
1013 1241 1149 1324 Regiam
1165 1240 1294 1304 domum
1311 1238 1468 1324 Ungarie,

350 1367 413 1432 que
439 1348 607 1414 consueuit
631 1347 730 1414 elaris
746 1348 946 1432 germinibus
963 1347 1148 1429 leouudare,
1179 1348 1213 1413 in
1230 1345 1332 1432 ipsius
1349 1350 1467 1416 domus

350 1456 575 1523 exterminium
590 1455 716 1521 thorum
733 1455 847 1521 sedare
863 1475 925 1520 uon
942 1457 1061 1521 metuis
1077 1456 1270 1540 coniugale,
1288 1457 1425 1538 sieque,
1442 1456 1469 1521 ai

349 1563 514 1648 premissis
539 1563 659 1630 veritas
687 1562 902 1645 suffragatur,
928 1565 1021 1649 degis
1043 1563 1164 1632 Divina
1190 1573 1222 1630 et
1236 1567 1377 1632 humana
1394 1564 1466 1648 lege

351 1671 443 1741 vetiti
461 1672 603 1739 oriminis
620 1673 695 1739 labe
711 1672 857 1758 pollutus
884 1672 918 1739 in
944 1673 1138 1740 scandalum
1154 1673 1330 1756 homiuum,
1345 1685 1382 1738 et
1398 1674 1466 1738 red-

350 1779 436 1848 deris
462 1783 495 1848 in
522 1789 699 1866 oonspaotu
715 1784 858 1869 supremi
884 1783 1024 1850 nominis
1050 1781 1191 1850 odiosus.
1218 1783 1310 1850 Unde
1336 1803 1412 1849 oum
1429 1803 1467 1847 er

350 1888 491 1956 ininnoto
518 1889 676 1976 pastorali
703 1890 797 1956 uobis
823 1889 931 1957 offioio
954 1890 1136 1955 animarum
1153 1910 1263 1956 euram
1279 1911 1404 1974 genere
1423 1901 1467 1956 te·

349 2015 502 2082 neamur,
518 1997 666 2064 dolentes
683 2003 715 2063 et
730 1998 846 2064 merito
856 2047 865 2081 ,
893 1998 921 2062 si
938 1998 1043 2064 talem
1055 2000 1096 2064 de
1111 2004 1144 2064 te
1160 1998 1298 2066 reddere
1315 2019 1375 2063 nos
1393 2018 1466 2064 con-

348 2105 456 2186 tingat
471 2105 503 2173 in
521 2106 672 2172 examine
688 2106 819 2190 superni
832 2105 951 2188 judieii
968 2107 1147 2189 rationem,
1176 2113 1209 2170 et
1225 2106 1415 2189 cupientes,
1432 2117 1465 2172 nt

349 2214 466 2280 salutis
493 2213 597 2280 vitato
613 2214 786 2298 dispendio
796 2264 805 2297 ‚
833 2214 1008 2281 electorum
1028 2214 1204 2298 aggregari
1220 2215 1384 2282 oonsortio
1402 2234 1464 2280 rne-

347 2325 471 2408 rearis;
488 2322 721 2392 celsitudinem
731 2324 866 2409 Regiam
882 2343 1063 2406 monemus,
1080 2344 1233 2407 rogamus
1249 2330 1284 2390 et
1299 2325 1464 2391 hortamur
1558 2397 1559 2424 χ

348 2437 480 2509 attente,
496 2451 553 2518 per
570 2431 762 2516 Apostolioa
777 2431 836 2496 tibi
853 2431 975 2516 scripta
1002 2431 1207 2514 mandantes,
1225 2439 1386 2513 quatenus
1403 2451 1460 2498 eo·
1558 2497 1559 2520 ἶ

347 2524 492 2607 ὶιιωᾱειη
507 2541 736 2624 Tartarorum,
754 2540 1033 2622 Sarraeeuoeum,
1058 2541 1291 2624 Neugeriorum
1316 2560 1356 2606 ao
1382 2540 1461 2605 alio-

348 2669 416 2716 rum
442 2647 620 2716 infidelium
644 2647 789 2716 dimissis
815 2648 996 2730 erroribus,
1023 2649 1209 2731 inquorum
1235 2648 1464 2716 observatione

343 2779 365 2826 a
379 2757 435 2824 ria
450 2757 532 2824 lueis
548 2755 705 2842 deviatur,
722 2765 755 2824 et
770 2760 833 2824 itur
849 2757 881 2822 in
898 2756 1063 2839 tenebras,
1081 2776 1144 2840 que
1169 2755 1266 2824 dooet
1290 2761 1324 2822 et
1339 2765 1461 2822 'serrat

342 2865 538 2932 universalis
564 2866 732 2950 lindesia,
757 2867 846 2932 velut
871 2867 1039 2950 plantatus
1064 2866 1097 2931 iu
1125 2864 1221 2932 domo
1246 2867 1382 2933 Domini
1406 2867 1459 2931 de-

343 2978 418 3040 rote
443 2972 663 3041 conversionis
689 2972 804 3040 studiis
830 2974 1059 3060 amplectaris,
1086 2979 1120 3041 et
1146 2974 1286 3040 eandem
1302 2975 1459 3060 Reginam

346 3099 513 3148 resumens
530 3087 562 3146 et
576 3081 610 3147 iu
626 3099 740 3149 seouro
756 3088 845 3149 statu
860 3101 1070 3166 conservans,
1086 3103 1158 3149 eam
1175 3088 1209 3148 nt
1226 3083 1368 3165 teneris,
1393 3101 1458 3148 rna-
1557 3125 1558 3161 r

346 3189 433 3257 ritali
449 3188 622 3256 affectione
637 3195 840 3276 penitentes,
868 3192 915 3256 ita
941 3191 1028 3273 quod
1044 3199 1078 3256 tu
1093 3209 1151 3274 per
1168 3191 1228 3256 heo
1245 3191 1342 3279 plene
1357 3192 1457 3277 peroi-

346 3299 438 3387 piens
450 3296 564 3365 salutis
574 3297 694 3366 Divina
708 3296 925 3383 flagrantiam,
936 3297 1095 3366 ellioatius
1112 3298 1157 3365 ad
1167 3317 1311 3368 amorem
1327 3300 1399 3366 eius
1414 3302 1458 3366 al-

345 3409 458 3491 lootns,
469 3407 511 3474 ad
522 3407 609 3475 dona
620 3409 750 3475 celestis
767 3409 872 3494 gratie
887 3411 1003 3476 valeas
1019 3406 1198 3494 pervenire,
1216 3425 1255 3474 ao
1273 3407 1387 3493 fugato
1404 3427 1457 3474 uu·

346 3515 413 3584 bilo
429 3515 518 3583 dieta
533 3514 647 3586 domus
665 3515 809 3600 ngarie
824 3519 970 3585 roluoeat
986 3516 1088 3582 titulis
1104 3517 1200 3584 solite
1228 3515 1402 3582 claritatis.
1419 3516 1458 3580 llt

345 3645 388 3693 ne
404 3625 553 3696 rideatur
570 3628 727 3696 oorreotio
753 3634 891 3713 paterna
914 3639 1081 3712 tepescere
1106 3625 1194 3692 eirea
1219 3623 1321 3691 filium
1356 3624 1455 3691 delin-

345 3741 495 3820 quentem
506 3783 515 3820 ,
546 3736 727 3802 venerabili
757 3735 850 3803 fratri
874 3744 985 3804 nostro
1003 3785 1010 3801 .
1028 3785 1036 3799 .
1055 3784 1062 3800 .
1079 3733 1336 3819 Arohiepisoopo
1376 3731 1452 3800 Stri-

347 3843 517 3928 goniensi,
542 3842 584 3911 de
610 3845 702 3912 ouius
727 3843 1016 3930 oiroumspeotione
1032 3862 1073 3909 ao
1088 3841 1278 3909 examinata
1292 3841 1454 3926 probitate

346 3951 543 4032 oonlidimus,
560 3973 618 4038 per
633 3953 717 4022 alias
733 3951 882 4023 diversas
899 3954 1026 4020 litteras
1042 3956 1173 4018 nostras
1199 3950 1408 4036 iniungimus,
1423 3957 1454 4015 ut

299 4139 301 4147 y
346 4059 378 4127 in
393 4061 458 4127 hae
473 4065 566 4145 parto
580 4062 679 4130 datas
695 4061 760 4130 sibi
773 4082 795 4126 a
811 4061 949 4130 Domino
974 4060 1108 4127 virtutos
1134 4078 1290 4126 exercens
1299 4109 1308 4145 ‚
1326 4068 1359 4125 te
1374 4082 1397 4127 a
1410 4063 1454 4129 sio

347 4169 530 4254 nephandis
548 4172 711 4238 erroribus
726 4171 886 4255 retrahat,
904 4178 936 4236 et
952 4169 1100 4236 odviam
1116 4169 1293 4235 salutarem
1309 4171 1452 4239 studiosa
1555 4229 1556 4234 ,

347 4278 538 4363 operatione
552 4277 697 4346 redueat.
714 4278 756 4344 ut
770 4279 797 4345 si
823 4277 901 4345 dieti
923 4276 1074 4364 Tartari,
1092 4277 1284 4362 Serranam,
1301 4280 1452 4364 Neogerii

346 4391 380 4452 et
404 4386 528 4472 pagani
554 4387 749 4473 dampnatos
774 4405 850 4454 suos
876 4392 1011 4454 oonatus
1038 4391 1152 4450 eontra
1177 4383 1350 4454 catholieo
1379 4387 1452 4455 fidei

345 4491 549 4580 professores
565 4494 745 4562 exercitare
761 4495 932 4580 voluerint,
948 4511 990 4582 ne
1005 4493 1148 4578 ipsorum
1164 4492 1348 4563 invalesoat
1362 4515 1451 4564 sere-

344 4601 426 4691 nitas
441 4599 1452 4696 indispoudiumfideiGhristiaue,oontraprediotos‘l'artaroa
1554 4587 1555 4680 ξ
