3142 5164
595 319 856 424 ..u-⁷...

106 517 461 608 reeompensooionem
472 517 610 590 domitis
621 520 746 590 Matbei
762 517 976 598 seruieiorum
991 518 1088 590 nobis
1105 537 1180 590 eum
1195 518 1241 589 tt

106 632 399 716 ligonoiesumme
413 628 587 698 fidelitatis
603 630 846 715 impensorum,
872 636 985 714 etque
1001 629 1097 700 nobis
1113 614 1238 718 impen-

107 741 190 810 dere
215 743 330 826 posset
354 738 388 804 in
413 735 578 822 futurum,
595 737 704 824 ipsum
715 738 879 807 Comitem
901 737 1091 824 ¹Mutheum,
1117 745 1151 806 et
1179 753 1238 826 per

106 868 184 916 eum
198 849 338 917 anbor
352 847 487 914 fratrem
497 865 591 914 suum
600 847 775 932 uterinum,
786 845 989 932 Ferentium,
1000 849 1094 931 Born,
1107 848 1240 935 Gyrolt,

104 957 337 1042 Augustinum,
353 955 459 1044 Helys
476 961 509 1022 et
532 957 665 1045 Kemyn
690 961 848 1040 cognatos
875 973 954 1026 suos
979 950 1175 1041 antedietos,
1194 956 1246 1025 de'

108 1066 305 1136 condicione
332 1063 599 1144 tbaseruieorum
625 1071 812 1132 nostrorum
827 1084 899 1130 oum
924 1065 1024 1133 terris
1043 1065 1189 1152 ipsorum
1205 1065 1239 1130 in

106 1175 191 1242 vitta
215 1173 363 1260 Thymen
395 1172 614 1242 existentibus
649 1173 802 1242 duximus
828 1191 870 1239 ox
895 1172 1107 1238 tiber-olitote
1133 1171 1238 1256 Regia
1345 1163 1347 1167 ’

103 1271 310 1363 eximendos,
327 1285 395 1346 tum
412 1299 492 1365 pure
509 1287 541 1346 et
558 1280 763 1367 simpliciter,
779 1286 815 1348 ut
829 1283 871 1348 de
886 1287 997 1348 eetero
1013 1280 1102 1348 idem
1119 1282 1238 1350 Comes

102 1391 274 1473 Mothous,
303 1390 409 1458 frater
426 1395 460 1456 et
477 1392 610 1475 eognati
624 1391 678 1457 sui
694 1390 885 1482 memorati,
912 1395 1073 1456 eteorum
1088 1389 1237 1474 heredes,

102 1497 329 1583 heredumque
364 1517 497 1571 suorum
534 1517 745 1592 snoeessoros
772 1519 875 1584 super
899 1505 1008 1566 terras
1033 1498 1179 1584 ipsomm
1202 1500 1237 1566 in
1290 1506 1292 1514 ’

105 1607 192 1684 silla
216 1607 366 1695 Thymor
391 1609 571 1676 existentes
596 1609 656 1676 illo
676 1615 708 1676 et
734 1609 851 1676 eedem
877 1608 1049 1692 gaudeant
1072 1608 1237 1696 libertate,

105 1735 174 1798 quo
190 1718 290 1784 ueteri
306 1715 436 1784 nobiles
462 1715 569 1802 Regni
583 1714 796 1801 pertruuntur
812 1715 872 1784 sub
892 1713 1016 1784 vexillo
1034 1716 1138 1800 Regio
1155 1717 1237 1784 mili·

101 1829 217 1896 tontes
234 1824 297 1890 stb.
313 1825 446 1892 ‘Datum
461 1842 521 1912 per
546 1843 663 1892 monus
690 1823 825 1893 disereti
843 1822 907 1888 uiri
932 1823 1083 1904 magistri
1098 1825 1235 1893 Bertbo·
1351 1845 1354 1852 ·

102 1931 204 2000 lomei
219 1933 296 1999 aule
315 1922 429 2000 nostre
444 1932 760 2014 Viuo-Oenoeilarii,
787 1951 873 1998 nuno
901 1929 1035 1998 Domini
1061 1923 1235 2002 millesimo

102 2041 334 2109 ducentesimo
363 2042 612 2126 octuagesimo,
643 2039 787 2126 seeundo
820 2039 989 2108 calendas
1023 2039 1233 2127 Septembris,

102 2148 295 2217 Indieeioue
311 2155 444 2235 outone,
459 2149 567 2234 Regni
582 2156 694 2218 autem
710 2150 815 2218 nostri
831 2169 918 2216 enno
935 2155 1064 2218 ooteuo.

127 2345 288 2418 (Herenesi
301 2344 425 2403 kdeirsti
437 2343 712 2417 gytjtemenye'btu,
731 2299 975 2416 Diplomnterium
989 2341 1199 2402 cruciferorum

426 2434 598 2512 Albensium
611 2435 660 2490 ΙΙΙ.
675 2435 703 2490 k.
716 2434 760 2513 25¹.
773 2434 793 2490 l.
812 2432 914 2506 Csecb).

542 2734 557 2741 -.
567 2733 619 2740 0...-
637 2733 804 2744 .........-—....

101 3462 300 3532 luberet
314 3463 421 3552 kirctlp
436 3464 609 3531 Jataonat
618 3513 627 3548 ,
644 3463 788 3552 Possony
803 3463 934 3552 udrab‘o
954 3464 1139 3552 birdjduok,
1156 3461 1232 3528 odo·

331 3575 504 3658 mduyozza
520 3570 658 3636 Plumou
674 3573 756 3637 neoti
764 3569 882 3658 fh'ldet.
898 3572 998 3637 1280.

219 3769 397 3838 Lodizlaus
421 3768 485 3836 Dei
510 3768 625 3855 grauia
651 3768 839 3854 Hungorie,
865 3769 1055 3854 Dalmatio,
1082 3770 1230 3852 Groneie,

99 3883 223 3966 Romo,
242 3879 378 3957 Seruio,
395 3879 533 3946 Gellioie
542 3928 551 3962 ,
569 3875 780 3957 Lodomerie,
808 3876 991 3963 Cumanis,
1007 3878 1231 3964 Bulgurieque

98 3991 170 4058 Rex
187 3988 340 4056 omnibns
356 3988 478 4059 christi
506 3985 661 4056 fidelibus
686 3987 895 4074 presentibus
912 3987 1039 4076 pariter
1063 3997 1096 4058 et
1111 3989 1230 4058 suturis

99 4103 289 4185 presentem
315 4096 473 4183 peginam
498 4097 694 4181 inspeoturis
721 4097 863 4166 sulutem
889 4097 923 4164 in
944 4100 1086 4167 omnium
1113 4099 1230 4166 Saluu-

100 4215 181 4276 tore.
207 4207 253 4272 Vt
268 4205 467 4274 eollaoiones
484 4203 674 4290 Principum
690 4212 850 4290 perpetuo
867 4207 1022 4276 firmitate
1038 4205 1230 4293 solidentur,

99 4317 283 4383 litterarum
310 4313 419 4382 solent
443 4311 620 4380 munimine
645 4313 812 4400 roboreri3
850 4316 1080 4385 inconcussum
1111 4317 1231 4404 quippe
1299 4337 1302 4344 ’

102 4429 277 4511 permonet
291 4441 332 4489 se
347 4421 492 4506 firmum,
520 4421 611 4506 qnod
637 4423 743 4508 Regio
760 4422 867 4492 fueret
891 4425 1074 4508 potrooinio
1091 4443 1231 4494 eommu-

99 4535 208 4600 uitnm.
233 4529 379 4598 Proinde
405 4529 448 4598 ad
464 4531 688 4599 uniuersorum
713 4529 871 4598 notioiam
897 4530 1012 4598 barum
1029 4531 1115 4598 serie
1138 4531 1228 4597 rolu-

101 4660 170 4710 mus
184 4640 374 4726 peruenire,
391 4639 642 4723 qnod'Jsoobus
658 4639 790 4708 vitlious
807 4639 849 4707 de
870 4639 1025 4708 suburbio
1043 4637 1153 4706 Oustri
1169 4639 1230 4706 Po·
