3142 5170
855 310 922 380 300

326 504 462 586 Regiam
479 503 609 574 domum
626 504 784 592 Ungar1e‚
801 524 864 588 que
881 506 1051 574 consuerit
1072 507 1170 574 ciaris
1185 508 1391 588 germinibus
1407 507 1454 573 ie·
1558 583 1559 602 χ

325 611 489 695 cundare,
515 613 547 678 in
576 612 682 698 ipsius
708 613 823 682 domus
849 614 1078 681 exterminium
1104 613 1230 683 thorum
1257 615 1375 681 iedare
1390 634 1452 683 non

324 718 438 784 metuit
454 720 683 804 coniugalem,
702 721 837 806 sicque,
855 721 883 787 si
908 722 1080 806 premissis
1106 725 1227 788 veritus
1243 721 1454 808 suffragatur,

323 826 415 912 degit
433 828 556 896 Divina
572 835 604 896 et
621 830 763 896 humana
790 833 864 915 lege
888 829 980 898 vetiti
1000 827 1147 896 criminis
1161 830 1237 897 iabe
1254 830 1404 916 pollutus
1419 829 1452 894 in

323 935 516 1004 scandalum
535 936 697 1006 hominem
707 987 717 1022 ‚
744 945 777 1005 et
792 935 939 1005 redditur
955 936 988 1003 in
1004 944 1183 1024 conspectu
1201 937 1336 1024 superni
1353 937 1452 1003 nomi-

322 1044 373 1108 nis
389 1040 534 1110 odiosos.
553 1042 647 1111 Vnde
665 1064 736 1112 curn
754 1063 795 1110 ex
810 1044 957 1111 iniuncto
972 1045 1134 1129 pastorali
1145 1043 1242 1111 nobis
1259 1043 1367 1112 officio
1383 1041 1451 1110 ani·

322 1169 449 1216 marum
466 1169 576 1218 curam
591 1171 708 1237 gerere
724 1159 913 1235 teneamur,
932 1153 1084 1222 dolentes
1101 1159 1134 1219 et
1149 1153 1285 1237 merito,
1302 1154 1330 1220 si
1348 1154 1450 1218 talem

322 1256 364 1323 de
379 1258 529 1343 predicto
546 1261 638 1346 Rege
662 1259 800 1329 reddere
827 1279 887 1328 nos
903 1261 1074 1344 contingat
1091 1263 1125 1328 in
1143 1259 1299 1328 examine
1315 1259 1451 1346 superni

318 1365 434 1452 judicii
458 1367 640 1452 rationem,
666 1376 698 1437 et
724 1369 914 1457 cupientes,
941 1375 977 1436 ut
1002 1369 1119 1438 salutis
1140 1369 1246 1436 vitato
1261 1368 1449 1456 dispendio,
1559 1392 1560 1402 ι

322 1471 499 1542 electorum
515 1477 689 1562 aggregari
705 1477 870 1547 consortio
895 1483 1077 1564 mereatur3
1094 1476 1291 1545 fraternitati
1315 1485 1380 1562 tue,
1408 1477 1450 1544 de

320 1579 411 1648 euius
429 1581 724 1670 circumspectione
739 1607 778 1652 ac
795 1587 986 1654 examinata
1001 1585 1165 1670 probitate
1182 1583 1380 1668 confidimus,
1399 1584 1448 1652 in·
1559 1581 1560 1612 ³

320 1687 503 1774 iungimus,
520 1699 555 1757 ut
569 1691 602 1757 in
619 1690 684 1758 hac
699 1701 794 1778 parte
809 1692 906 1760 datas
922 1691 983 1759 tibi
999 1713 1019 1760 a
1036 1692 1176 1760 Domino
1193 1692 1328 1758 virtutes
1347 1711 1443 1759 exer-

318 1813 407 1881 cens,
425 1797 607 1884 predictum
622 1801 745 1886 Regem
772 1822 794 1868 a
819 1804 866 1870 sic
884 1799 1071 1887 nephandis
1087 1800 1251 1868 erroribus
1277 1798 1444 1883 retrahas,

318 1909 352 1969 et
366 1903 410 1971 ad
425 1905 511 1974 viam
528 1905 705 1974 salutarem
721 1908 872 1976 studiosa
888 1909 1077 1994 operatione
1104 1907 1258 1975 reducas.
1282 1905 1449 1986 Quocirca

318 2011 530 2096 mandamus,
559 2021 720 2098 quatenns
750 2016 779 2085 si
805 2017 911 2084 dictus
936 2017 1007 2082 Rex
1033 2013 1215 2102 predictam
1241 2011 1448 2097 Reginama

318 2139 451 2188 carcere
475 2119 649 2190 liberatam
664 2141 850 2206 resumere,
876 2143 926 2205 ac,
946 2132 982 2191 nt
1006 2121 1196 2210 predicitur,
1212 2127 1281 2189 tute
1297 2128 1445 2186 tractare

316 2228 459 2295 noluerit
467 2278 476 2313 ,
503 2237 537 2297 tu
565 2249 638 2296 enm
654 2230 698 2297 ad
714 2229 747 2296 id
763 2249 1011 2318 percensuram
1027 2231 1285 2299 eeclesiasticam
1303 2230 1446 2297 auctori-

185 2364 187 2370 ·
317 2342 388 2404 tate
412 2344 527 2406 nostre
551 2339 752 2426 compellas,
777 2359 842 2406 non
868 2339 1040 2416 obstante,
1056 2337 1086 2405 si
1102 2337 1211 2405 eidem
1227 2337 1308 2422 Regi
1323 2358 1345 2402 a
1362 2337 1446 2406 sede

316 2445 502 2531 apostolica
517 2446 560 2513 sit
576 2446 750 2532 indultum,
761 2447 849 2529 quod
865 2445 1150 2530 excommunicari,
1161 2445 1214 2512 vei
1232 2453 1317 2512 terre
1334 2447 1444 2530 ipsius

316 2549 469 2619 interdici
485 2573 551 2622 non
568 2553 675 2639 possit
689 2571 749 2641 per
765 2553 892 2621 litteras
909 2553 1109 2640 apostolicas
1121 2572 1185 2621 non
1202 2552 1362 2620 iacientes
1379 2561 1443 2620 etc.

315 2676 419 2742 usque
434 2661 643 2730 mentionem.
659 2663 782 2730 Datum
798 2665 901 2731 Rome
918 2663 1007 2749 apud
1022 2663 1177 2730 Sanctam
1189 2661 1347 2728 Sabinam
1364 2661 1444 2728 1111.

314 2761 393 2834 Idus
410 2766 520 2834 Martii
536 2765 766 2854 (Pontificatus
783 2765 901 2856 nostri)
918 2790 1006 2839 anno
1023 2769 1181 2837 seeundo.

377 2957 437 3030 (ΙΙΙ.
450 2959 594 3020 Ηοιιοιίιιι
608 2959 685 3034 pdpa
699 2961 897 3036 Regestdiboi
911 2962 1039 3020 Theiner
1051 2962 1091 3018 id.
1106 2980 1141 3020 m.
1155 2961 1178 3020 1.
1191 2961 1253 3018 ket
1266 2961 1328 3018 355.
1341 2959 1377 3032 l.)
