3116 5166
582 295 741 400 231-

93 493 314 562 sollicitudine
338 493 516 580 legationis
540 495 571 560 ei
597 493 721 562 credite
745 492 855 580 possit
876 509 948 558 cum
974 494 1136 561 adiutorio
1166 495 1230 562 Dei

93 622 292 688 prosperare
308 602 449 686 facilius,
469 621 595 685 nosque
615 609 706 670 tuam
717 599 954 670 celsitudinem
970 600 1081 687 dignis
1096 601 1226 670 laudum

92 711 258 797 preconiis
287 711 429 796 proinde
456 710 573 780 marito
602 713 791 780 attolamus.
808 709 930 776 Datum
947 709 1086 778 viterbii
1102 711 1144 777 X.
1161 712 1229 779 Ka·

93 817 211 886 lendes
229 817 392 888 Octobris.
410 817 622 886 Pontificatos
640 819 743 888 nostri
760 835 848 886 anno
863 816 981 904 primo.
1227 813 1230 820 ’

197 1012 258 1087 (111
272 1013 381 1072 Mitior
393 1012 472 1088 papa
484 1013 681 1087 Regestdibdl
694 1013 822 1071 Tireinar
832 1013 871 1072 id.
886 1031 922 1070 m.
936 1013 959 1069 1.
972 1013 1001 1070 k.
1014 1014 1075 1072 329.
1090 1011 1126 1085 1.)

571 1305 766 1318 m

635 1847 695 1914 ⁰2.

349 2042 388 2129 5)
405 2041 436 2110 A
450 2049 541 2133 pdpo
557 2043 652 2112 levale
668 2069 690 2112 α
704 2045 790 2111 saerb
808 2043 987 2131 kirdlydoa.

205 2240 369 2312 Nicolaus
393 2242 579 2328 Episcopus
604 2259 719 2312 seruus
744 2261 914 2312 seruorum
930 2241 993 2310 Dei
1008 2243 1183 2312 serissime
1198 2245 1232 2312 in

99 2349 307 2420 Christofilio
318 2399 326 2415 .
337 2401 346 2416 .
356 2350 706 2435 .chiServieIllustri
719 2350 857 2420 sulutem
868 2350 1128 2436 etApcstolicam
1138 2351 1234 2420 bene·

99 2459 292 2526 dictionem.
318 2458 357 2524 In
374 2458 530 2530 eminenti
546 2457 643 2528 Sedis
658 2459 852 2547 Apostolice
868 2459 1015 2546 specula,
1036 2457 1237 2544 disponente

97 2567 254 2644 Domino,
271 2566 442 2634 constituti
458 2567 569 2634 domui
584 2567 709 2654 Israel,
724 2567 888 2636 universis
905 2565 1061 2636 videlicet
1077 2565 1235 2636 Christia-

99 2676 167 2759 nis,
186 2673 243 2759 qui
259 2673 336 2742 fidei
352 2673 458 2742 oculis
473 2675 580 2742 Deum
597 2674 721 2762 vidant,
739 2681 894 2761 quantum
910 2675 1005 2742 nobis
1016 2693 1058 2742 ex
1069 2675 1140 2744 alto
1157 2693 1234 2742 con·

96 2783 242 2868 ceditur,
259 2787 451 2868 oportunum
477 2783 696 2870 speculatoris
717 2781 859 2851 officium
875 2781 1094 2870 impertimur,
1113 2788 1235 2852 etcum

96 2889 328 2975 indulgetura
352 2889 475 2960 Divina
500 2891 686 2977 clementia,
712 2897 902 2960 reverenter
928 2891 972 2958 ad
989 2911 1044 2958 cor
1059 2891 1165 2960 altum
1180 2909 1235 2960 ao·

96 2999 270 3084 ccdimus,
287 3005 323 3066 ut
350 3019 471 3068 nomen
487 2999 621 3067 Domini
636 3001 878 3070 sanctissimum
895 3006 964 3070 tam
979 3000 1013 3066 in
1028 3000 1166 3068 remotis
1182 3021 1236 3066 ex·

96 3109 176 3177 tolli
201 3105 374 3198 partibus,
400 3126 498 3190 quam
524 3108 559 3176 in
575 3107 691 3176 vicinis
708 3110 810 3178 etiam
826 3129 1051 3197 procuremus,
1068 3125 1237 3196 apponen-

95 3225 150 3284 tes
169 3236 303 3284 manum
328 3221 440 3284 nostre
465 3215 699 3302 possibilitatis
725 3217 769 3285 ad
784 3237 929 3305 operam,
948 3237 1045 3301 quam
1061 3234 1235 3302 speramus

95 3328 131 3393 in
161 3326 305 3396 excelsis
332 3327 404 3394 fore
427 3325 594 3414 placidam
602 3378 612 3414 ,
628 3332 662 3396 et
676 3329 710 3396 in
726 3328 822 3398 terris
839 3326 990 3398 norimus
1006 3331 1235 3416 opportunam.

96 3435 259 3502 Summus
273 3434 406 3519 quidem
423 3435 513 3504 orbis
530 3435 643 3522 opifex
669 3443 701 3505 et
725 3437 883 3506 universe
908 3434 1060 3505 conditor
1086 3437 1237 3501 creature

97 3551 291 3612 terrestrem
307 3544 451 3632 patriam
468 3543 631 3629 disposuit
646 3543 709 3613 sub
725 3544 865 3632 provida
891 3543 1093 3612 discretione
1107 3543 1235 3625 Regno·

98 3673 198 3739 rum,
223 3672 331 3738 eaque
356 3654 505 3723 consulto
521 3655 625 3723 voluit
640 3653 739 3740 dirigi
757 3659 790 3722 at
806 3652 931 3722 salubri
947 3651 1106 3738 regimine
1121 3650 1237 3738 guber·

96 3761 202 3847 nari,
226 3781 269 3827 ne
294 3767 481 3831 creaturam
506 3761 682 3832 humanam
707 3765 805 3848 paulo
829 3761 989 3832 minorem
1015 3760 1157 3846 angelis,
1174 3779 1239 3844 que
1270 3765 1277 3780 ⁴

93 3870 150 3936 soi
168 3868 330 3938 creatoris
353 3871 543 3959 ymaginem
560 3879 593 3940 et
616 3870 860 3940 similitudinem
877 3875 1096 3958 representat,
1112 3873 1236 3956 tempe·

94 3984 221 4046 stuoaa
237 3975 444 4046 lluctiatione
460 3979 630 4064 mmtaque
645 3977 883 4048 contunderent
898 3985 932 4047 ct
947 3997 1006 4046 sue
1020 3975 1141 4063 quietis
1157 3978 1239 4045 oea-

96 4083 284 4153 titudincm
301 4085 520 4174 impedirent;
537 4087 716 4171 quinimmo
732 4091 767 4153 ut
784 4086 935 4156 omnibus
952 4087 1014 4154 sub
1032 4085 1112 4154 iuris
1133 4090 1166 4152 et
1181 4083 1238 4152 ho·

94 4193 247 4262 aestatis
272 4193 391 4279 regula
416 4191 578 4278 limitetis,
595 4193 719 4278 singuli
740 4196 809 4262 vita
824 4191 964 4281 pacifica
979 4194 1132 4264 viverent
1148 4197 1182 4260 et
1197 4192 1240 4258 ab

95 4301 245 4374 offensis
262 4303 454 4370 alterutrum
470 4302 686 4390 abstinerent,
703 4321 862 4388 suumque
877 4301 1035 4370 factorem
1047 4298 1169 4369 allecto
1184 4320 1241 4368 na-

99 4410 218 4482 turali
234 4417 493 4498 cognoscerent,
510 4412 674 4500 cognitum
700 4411 847 4482 colerent
863 4419 897 4481 et
911 4416 1105 4482 reverenter
1120 4409 1241 4478 Divino

99 4518 255 4610 imperio
281 4518 500 4586 subiecerant.
524 4521 664 4588 Domum
690 4537 768 4588 varo
793 4519 880 4588 idem
895 4527 991 4608 pater
1006 4518 1187 4588 altissimus
1202 4535 1244 4582 ex

99 4632 181 4704 alto
198 4627 409 4718 prospiciens
424 4627 601 4720 populum,
619 4646 717 4718 quem
734 4633 929 4715 curaverat,
945 4623 1167 4714 prothoplasti
1183 4621 1243 4688 da-
