3142 5164
586 333 747 439 *am—

101 527 244 614 predieti
270 536 348 598 sunt
373 527 538 618 confessi,
564 532 654 616 quod
678 531 814 599 lundnm
832 533 923 601 curie
939 553 1019 618 suc,
1045 553 1140 617 quem
1166 532 1228 599 ha-

101 638 179 702 bent
207 638 242 704 in
258 637 394 708 ciuitate
418 626 627 726 Posoniensi‚
653 659 726 706 cum
753 641 887 708 cellario
913 648 946 709 et
971 641 1048 710 aliis
1077 643 1227 710 omnibns

102 743 243 816 edificiis
259 767 358 834 super
374 749 511 815 eundem
528 746 663 815 fundum
685 748 920 831 existentibus,
939 755 972 815 et
988 750 1117 816 vineam
1135 767 1227 814 suam

103 851 268 922 desertam
303 857 399 923 sitnm
425 857 511 923 inter
535 857 651 925 vineas
677 855 827 923 Ecclesia
858 863 968 924 nostre
994 857 1029 924 in
1064 857 1227 924 montibus

104 961 185 1030 ville
202 962 349 1050 Zeplolr,
375 983 473 1047 qnam
498 961 678 1031 inmedlato
704 961 944 1032 circumdante
970 973 1065 1052 parte
1091 972 1228 1048 utraque

106 1067 259 1154 duania,
285 1069 514 1140 vendidissent
540 1071 664 1140 eisdem
689 1071 814 1139 Mathia
839 1081 871 1139 et
896 1073 1001 1141 Zolad
1025 1094 1084 1160 pro
1109 1074 1228 1160 viginti

102 1171 225 1246 mareis
241 1179 323 1246 finiti
340 1178 426 1268 (lgy)
438 1181 566 1267 argenti
583 1187 741 1267 perpetuo
751 1181 984 1268 possidendas,
1002 1183 1227 1268 quasquidcm

103 1287 222 1372 viginti
237 1307 369 1356 mareas
395 1289 478 1356 liniti
493 1290 624 1375 argenti
648 1296 859 1356 asseruerunt
875 1309 987 1356 coram
1005 1291 1101 1359 nobis
1118 1311 1139 1358 a
1155 1309 1227 1375 pre·

103 1395 202 1463 dictis
228 1396 357 1464 Mathia
381 1403 415 1464 et
440 1398 543 1463 Zalad
572 1415 607 1463 se
635 1395 783 1482 plenarie
818 1397 1004 1482 recepisse;
1038 1398 1227 1484 obligantes

103 1525 160 1587 se,
195 1505 284 1588 qnod
317 1505 499 1589 quicunque
525 1521 684 1591 processu
708 1510 892 1590 temporum
918 1507 1058 1573 eundem
1091 1505 1227 1574 fundum

102 1613 192 1679 curie
217 1620 250 1681 et
276 1613 410 1681 vineam
435 1613 638 1681 antedictam
674 1613 817 1681 uoluerit
841 1613 875 1679 in
899 1613 1025 1680 irritum
1058 1633 1226 1702 reuocare,

99 1719 179 1808 ipsi,
196 1721 354 1789 videlieet
369 1723 537 1807 Jacobus,
565 1721 735 1790 lohannes
753 1728 785 1788 et
800 1722 953 1790 Andreas
980 1721 1162 1809 supradicti
1180 1731 1227 1791 te·

99 1831 267 1898 nebuntur
290 1849 347 1897 eos
371 1831 529 1918 expedire
562 1831 705 1918 propriis
729 1829 898 1900 laboribus
929 1837 962 1898 et
988 1833 1155 1918 expensis.
1187 1835 1226 1900 In

99 1938 195 2006 euius
217 1939 268 2006 rei
291 1941 483 2006 memoriam
506 1946 681 2026 presentes
715 1937 940 2007 concessimus
973 1941 1101 2010 litteras
1124 1941 1226 2026 sigilli

97 2045 208 2113 nostri
238 2046 417 2116 munimine
440 2045 625 2116 roboratas.
658 2049 779 2116 Datum
802 2048 836 2114 in
869 2045 954 2116 festo
977 2051 1074 2118 Beati
1097 2048 1227 2116 Andree

98 2155 266 2242 Apostoli.
299 2153 395 2223 Anno
420 2155 554 2224 Domini
580 2155 759 2223 millesimo
794 2153 1020 2224 ducentesimo
1052 2165 1226 2242 septuage-

95 2283 183 2331 srmo
210 2281 306 2332 nono.

514 2393 815 2480 Α’ΒΟ

95 2622 237 2698 (Hdrtya¹
256 2624 284 2680 A
296 2623 362 2698 meg
378 2623 415 2698 dp
433 2623 537 2698 peesdt
549 2622 716 2682 veresleher
736 2623 865 2696 selymen
883 2621 964 2698 fdgg.
990 2623 1227 2700 Posconylrdptn-

94 2717 155 2771 lani
170 2713 317 2788 orsadgos
330 2713 456 2774 levdltar
470 2715 567 2788 Capsa
579 2713 657 2770 XIV.
670 2713 758 2771 Fasc.
772 2717 797 2772 1.
811 2713 881 2771 Nro.
895 2717 922 2772 6.
940 2715 1021 2772 Eacn
1033 2715 1104 2772 villa
1116 2715 1226 2789 Zeplok

95 2803 252 2878 [Saeplsk]
277 2805 354 2862 alatt
376 2823 394 2861 a
414 2807 471 2862 mai
496 2803 775 2879 possonyktllvdrosi
799 2803 997 2878 dgyncvsaett
1022 2809 1228 2876 liupger-uocate

330 2894 549 2966 [Schttndorffer
561 2894 667 2965 Gssse]
682 2895 742 2954 kell
755 2893 858 2954 drteui.
884 2894 1000 2968 Karana.)
