3142 5164
645 883 727 954 loo.

118 1083 239 1150 Detrelr
255 1082 358 1151 tunuli
366 1086 498 1172 propert
514 1079 776 1172 bizonyrdplevole
785 1133 795 1171 ,
812 1079 893 1171 lopy
908 1081 1012 1148 Jonas
1027 1093 1160 1168 morteri,
1177 1083 1251 1149 noko'

117 1190 1248 1280 akirolytoladmsonyozotrspyekooyifozdoissokooaikoatra.1278.

226 1391 298 1458 Nos
323 1387 479 1460 Detrioos
503 1389 695 1478 Propositus
722 1391 764 1459 de
788 1389 893 1457 Turul
914 1387 1071 1458 memorie
1087 1407 1251 1457 oommen·

117 1494 240 1564 dantes
266 1496 491 1583 significemus
517 1500 700 1586 vuidonis,
725 1499 923 1582 adquorum
939 1496 1097 1566 noticiam
1114 1516 1250 1583 presens

117 1605 277 1690 seriptum
305 1609 514 1694 pervenerit;
541 1608 630 1692 qnod
646 1628 687 1676 ox
698 1613 862 1698 precepto
888 1605 1011 1674 domini
1026 1606 1126 1690 Regis
1144 1606 1249 1690 megi-

117 1721 190 1780 slro
206 1713 351 1781 Johenni
377 1714 507 1783 (lollioo
534 1715 576 1782 de
593 1717 748 1804 Lypthou
765 1716 932 1802 quandem
949 1715 1146 1802 particulam
1162 1721 1249 1800 terre

116 1821 245 1888 culture
261 1822 359 1889 unius
376 1823 477 1891 aratri
495 1822 723 1910 sufficientem,
735 1831 823 1893 torre
840 1845 899 1892 sue
914 1821 1118 1904 eonlinelom,
1135 1823 1249 1890 stetui·

115 1949 191 1997 mus
208 1935 243 1997 et
258 1931 501 2016 assignaremus
520 1939 682 2021 perpetuo
699 1931 942 2019 possidendam.
954 1929 1055 2002 Ouios
1066 1937 1250 1998 terremeto

115 2057 176 2105 sen
201 2037 377 2109 distinooio
393 2040 598 2130 prinoipalis
623 2042 836 2129 progreditur
855 2043 954 2128 Juxta
979 2038 1126 2126 lapidem
1142 2037 1250 2106 Soosd

116 2145 330 2232 procedendo
354 2149 398 2214 sb
423 2167 491 2216 una
517 2169 660 2236 quercu,
687 2157 722 2217 et
738 2148 779 2216 do
796 2151 870 2236 ipsa
887 2167 1007 2234 qnerou
1022 2149 1192 2216 asscendit
1207 2147 1251 2213 nd

117 2261 249 2343 partem
274 2255 525 2325 meridionalem
551 2257 805 2345 perantiquam
830 2255 920 2326 riam
946 2254 1181 2324 descendendo
1205 2255 1251 2322 od

117 2363 221 2430 sliam
237 2382 393 2448 quereum
402 2414 414 2451 ,
440 2371 473 2432 et
489 2365 531 2434 de
547 2366 606 2434 illo
622 2385 744 2450 quercu
760 2363 900 2433 flectitur
915 2363 960 2432 ad
975 2364 1178 2450 aquillonem
1194 2384 1249 2431 vo-

115 2472 237 2542 nlendo
253 2475 298 2542 sd
314 2475 483 2561 quendem
499 2472 650 2542 arborem
667 2473 792 2542 diotsm
807 2470 996 2558 zemorolcfo,
1013 2473 1055 2540 de
1072 2491 1138 2555 qua
1156 2493 1250 2537 zemo-

116 2581 215 2670 relefo
230 2585 442 2671 prosedendo
458 2583 549 2652 venit
567 2583 611 2651 ad
626 2587 730 2650 motas
756 2581 899 2650 liliorum
917 2580 1016 2668 Gyen
1042 2579 1194 2649 osdendo
1211 2579 1245 2645 in

119 2691 261 2760 rinolnm
275 2691 421 2761 Prehod.
437 2693 481 2760 nt
504 2697 540 2761 vt
557 2694 696 2760 statnoio
713 2711 776 2760 seu
792 2690 985 2774 assignaoio
1001 2685 1190 2757 huiusmodi
1207 2686 1250 2754 ad

117 2808 313 2887 preceptum
330 2801 453 2871 domini
478 2801 578 2888 Regis
594 2822 655 2888 por
669 2821 730 2868 nos
747 2801 837 2868 lento
853 2801 953 2866 robur
967 2799 1119 2885 optineat
1133 2817 1249 2883 porpe-

118 2917 175 2978 tne
198 2909 363 2979 firmitatis
387 2929 525 2998 presens
552 2911 709 2996 seriptum
726 2909 833 2976 eidem
850 2907 1009 2995 magistro
1025 2906 1170 2975 Johanni
1184 2914 1249 2974 tre·

117 3019 262 3089 didimus
286 3019 390 3106 sigilli
406 3020 512 3088 nostri
529 3019 708 3087 munimine
727 3019 926 3088 roboretum.
943 3017 1065 3085 Delum
1082 3035 1169 3085 anno
1180 3015 1249 3084 Do·

116 3129 195 3196 mini
211 3127 265 3196 lll
281 3127 354 3197 00⁰
369 3129 614 3214 septuagesimo
635 3133 766 3196 octono.

115 3323 169 3397 (IV
171 3367 178 3381 .
209 3321 318 3381 Ldsnld
339 3303 439 3396 kirdly
459 3339 634 3397 ugysnsson
655 3319 703 3380 ori
727 3317 1019 3393 adomsnylorelebol
1040 3320 1113 3377 mint
1136 3316 1245 3377 lenebb

604 3413 648 3471 6⁶.
667 3431 708 3470 sn.
723 3413 762 3478 a.)
