3142 5170
631 301 794 411 jd}-

147 495 240 578 ginm
256 497 400 580 tenente,
419 501 453 561 et
468 495 624 565 habente.
642 498 763 567 Datum
782 516 868 565 anno
879 490 1010 562 Domini
1019 495 1071 562 ll⁰
1081 493 1273 562 OO⁰ootua·

146 619 277 686 gesrmo
292 623 376 689 rp-o.

309 795 469 871 (Eredctije
482 797 561 857 Ddss
575 797 662 858 vdros
674 796 885 858 levdltdrdban.
903 797 984 854 Suld
997 797 1117 872 dercy.)

571 1086 825 1100 ψ

663 1611 890 1682 Μ’

148 1815 170 1878 I
173 1812 209 1878 V.
225 1809 343 1877 lactc
355 1809 462 1897 tccty
478 1809 616 1876 Zodratlr
631 1808 779 1897 prdffior'
801 1813 948 1876 scomma
962 1813 1140 1899 maperdsltu'
1161 1813 1197 1882 V.
1215 1816 1274 1881 Ist-

144 1921 285 2002 smack,
300 1919 403 1985 okkor
417 1916 523 2006 a‘fjabb
539 1917 724 2006 lis-alym,
740 1917 902 2006 Grapyasu
916 1921 997 1986 ocull
1005 1921 1149 2011 diastolem
1163 1933 1272 1991 conca

510 2027 586 2093 kozd
601 2027 804 2113 adomdaydt.
820 2029 919 2094 1284.

253 2225 322 2289 Nos
339 2219 518 2290 Ladialaus
534 2221 598 2291 Dei
613 2221 728 2308 gracia
743 2221 815 2290 Rex
831 2221 1001 2306 Hungarie
1017 2223 1170 2296 memorie
1186 2247 1269 2296 com-

146 2329 341 2399 mendantes
358 2330 581 2417 significamus
597 2333 761 2400 uniuersis
778 2331 896 2418 quibus
913 2333 1050 2419 expedit
1065 2337 1273 2422 presencium

145 2461 205 2526 per
221 2445 392 2526 tenorem,
417 2437 502 2523 quod
524 2441 643 2509 (lomes
659 2439 800 2507 Zalanth
814 2438 900 2507 lilius
917 2439 1054 2510 Comitis
1080 2443 1273 2529 llychaelis,

145 2554 179 2614 st
194 2547 355 2633 Magister
371 2547 525 2615 Albertus
544 2545 630 2614 filins
656 2547 817 2634 eiusdem,
834 2547 880 2616 ad
904 2555 1051 2618 nostram
1076 2551 1273 2621 accedentes

148 2653 358 2742 presenciam
375 2654 595 2723 exhibuerunt
610 2655 705 2723 nobis
722 2663 875 2741 patentes
892 2655 1018 2724 litteras
1034 2659 1197 2744 Stephani
1212 2662 1273 2728 Re-

149 2763 204 2847 gis
219 2760 390 2830 karissimi
406 2761 510 2847 patris
527 2761 629 2830 nostri
644 2763 749 2830 felicis
766 2761 1016 2848 recordacionis,
1028 2784 1128 2851 super
1143 2766 1272 2835 collaci-

144 2889 209 2938 one
224 2877 309 2937 terre
327 2873 500 2958 Gragyssa
515 2879 631 2940 uocate
647 2870 826 2956 coniectas,
843 2877 993 2957 petentes
1010 2892 1082 2940 cum
1099 2873 1271 2958 instancia,

145 2985 183 3046 vt
199 2979 293 3066 ipsas
314 2978 442 3048 litteras
458 2979 564 3066 patris
589 2979 693 3048 nostri
710 2987 800 3047 ratas
815 2977 1014 3046 haberemus
1030 2988 1064 3047 et
1078 2983 1199 3050 nostris
1214 3000 1270 3067 pa·

143 3087 288 3154 tentibus
313 3087 434 3154 litteris
460 3087 668 3174 dignaremur
696 3085 896 3155 confirmare.
911 3086 1057 3167 Quarum
1072 3087 1204 3173 quidem
1222 3089 1272 3156 lit-

145 3203 291 3263 teramm
309 3199 402 3262 tenor
416 3195 493 3262 talis
510 3201 560 3263 est
577 3218 584 3260 :

252 3303 324 3371 Nos
341 3301 559 3393 St(ephanus)
572 3306 684 3391 junior
708 3306 778 3372 Rex
804 3304 977 3389 Hungarie
1002 3306 1066 3372 st-b.
1092 3309 1274 3383 dovctkszik

144 3419 242 3476 lstvln
259 3419 354 3494 katly
369 3421 537 3494 adomdnya,
553 3422 629 3494 mely
645 3419 791 3476 olvashatd
802 3419 1038 3492 Okmdnytdrnnlr
1052 3419 1104 3475 111.
1120 3419 1273 3477 kdtetdbsn

146 3543 170 3582 a
188 3527 260 3582 122.
277 3526 309 3600 l.)

252 3627 323 3694 Nos
347 3627 459 3712 itaque
485 3627 595 3715 dignis
620 3635 653 3695 et
680 3627 773 3696 iustis
799 3625 1017 3714 peticionibus
1051 3623 1272 3714 predictorum

142 3733 284 3804 Comitis
306 3735 448 3804 Zalauth
476 3743 510 3804 et
534 3736 662 3804 Alberti
689 3736 748 3824 filij
776 3737 828 3802 sui
854 3733 1083 3804 lauorabiliter
1109 3733 1272 3818 inclinati,

142 3842 228 3928 ipsis
244 3850 400 3932 patentes
417 3825 547 3913 litteras
564 3845 670 3930 patris
695 3847 798 3911 nostri
822 3863 921 3929 super
946 3843 1128 3910 collacione
1143 3842 1274 3929 prefate

141 3957 233 4018 terre
259 3954 429 4024 coniectas
456 3953 654 4038 auctoritate
679 3953 884 4040 presencium
911 3952 1062 4019 duximus
1080 3951 1272 4020 confirman-

141 4061 215 4128 das.
234 4059 277 4127 Et
294 4061 381 4128 sicut
397 4061 484 4129 idem
510 4061 702 4149 Stephanus
726 4064 798 4130 Rex
824 4067 920 4148 pater
944 4067 1055 4128 noster
1079 4060 1273 4130 karissimus

140 4169 208 4252 ipsi
225 4167 343 4235 (lornltl
358 4171 501 4239 Zalauth
517 4169 702 4241 contulerat
718 4171 825 4257 ipsam
841 4175 960 4237 terram
974 4193 983 4256 ς
1008 4169 1057 4237 its
1072 4173 1106 4234 et
1123 4187 1179 4237 nos
1196 4187 1272 4236 ean·

140 4273 216 4340 dem
242 4279 363 4344 terram
388 4279 489 4347 castri
513 4277 615 4345 nostri
639 4277 681 4344 de
706 4277 817 4362 anh
842 4275 992 4344 dedimus
1019 4283 1052 4342 et
1075 4275 1272 4345 contulimus

141 4383 209 4468 ipsi
238 4383 359 4452 comiti
382 4384 525 4452 Zalautlr
552 4391 585 4454 et
610 4385 746 4453 Alberto
771 4385 838 4451 filio
865 4381 1009 4451 eiusdem
1026 4381 1097 4448 inre
1112 4389 1273 4469 perpetuo

141 4491 393 4578 possidendam.
420 4493 464 4561 Et
490 4493 752 4580 quandocunque
777 4493 874 4562 nobis
898 4497 1069 4578 presentes
1089 4487 1209 4558 luerint
1223 4510 1273 4559 re·

140 4607 272 4690 portate
282 4653 294 4689 ‚
319 4606 465 4671 nostrum
490 4603 698 4692 priuilegium
724 4601 848 4672 eisdem
865 4620 965 4688 snper
981 4595 1171 4669 collacione
1186 4605 1274 4670 terre
