3116 5166
590 329 752 460 A
881 311 882 314 ,

111 549 266 636 oerdote,
283 551 450 621 Damiauo
460 604 469 641 ,
486 551 593 642 Elya,
610 560 646 624 et
661 523 830 642 Stephano
845 507 1033 641 magistris,
1052 551 1234 638 eeterisque

110 661 288 731 Canonieis
304 664 531 733 existentibus.

216 863 327 932 suppare.
345 859 492 933 Elrtydra
513 857 582 917 irott
593 865 730 920 metsrmtt
744 859 822 919 level
835 901 843 933 ,
856 860 1005 934 mellyuelr
1017 861 1076 920 alul
1087 858 1239 931 folhajtost

107 947 215 1023 hdrtya
228 948 448 1008 .hasadekaibol
470 950 627 1024 ibolyalrdlr
650 952 763 1008 sodrott
785 950 1040 1024 selyemrblfliggd
1053 949 1171 1023 peoselte
1184 951 1235 1008 ha·

108 1043 192 1099 sonld
214 1041 326 1114 ahhoz,
347 1042 437 1113 melly
458 1038 685 1112 reanyomathan
708 1043 861 1115 ahdagyar
873 1041 1053 1100 Tdrtdnelmi
1066 1039 1187 1099 Theben
1198 1039 1238 1097 11·

109 1132 153 1192 10.
165 1129 288 1194 1trbato
299 1131 328 1190 Δ
340 1129 449 1192 ketilli
461 1129 642 1191 tevetttrban
654 1155 661 1190 :
675 1133 737 1190 AL.
751 1133 795 1192 15.
815 1121 897 1202 hedo.

643 1987 701 2052 to.

110 2203 245 2272 charmi
261 2206 356 2270 Peter·
376 2209 407 2271 ds
422 2207 520 2270 Ddrae
536 2205 704 2269 Redemeelt
720 2205 795 2269 dedit
810 2205 991 2270 birtolrulcat
1005 2205 1091 2270 Pons
1105 2203 1238 2292 soporat

485 2313 619 2400 fiuinalr
633 2314 742 2402 adjob.
768 2315 866 2380 1277.

221 2531 381 2600 Omnibus
399 2529 522 2600 Christi
532 2529 685 2599 fidelibus
697 2538 763 2599 tam
774 2533 989 2618 presentibus,
1002 2553 1097 2616 quam
1109 2529 1237 2616 suturis,

108 2659 249 2726 presens
274 2640 431 2726 seriptum
457 2641 658 2728 inspecturis
690 2639 874 2729 Capitulum
900 2640 1050 2706 Ecelesie
1066 2639 1237 2726 Agriensis

110 2749 257 2815 salutem
282 2751 315 2815 in
341 2749 480 2814 omnium
506 2749 689 2815 salvatore.
708 2749 760 2815 Ad
776 2749 1002 2815 uniuersorum
1018 2748 1176 2816 notieiam
1191 2753 1238 2814 te-

106 2877 189 2924 nore
205 2857 413 2942 presencium
429 2855 579 2924 volumus
597 2857 780 2943 peruenire,
798 2857 887 2942 quod
902 2857 1027 2924 Gemite
1044 2857 1152 2940 Petro,
1170 2855 1236 2925 filio

107 2963 256 3053 Nyeolai
281 2963 342 3030 lilii
366 2963 490 3030 Detrioi
515 2965 556 3032 de
572 2967 711 3045 Olrerne,
728 2987 768 3033 ao
784 2967 952 3035 Demetrio
969 2965 1071 3035 fratre
1087 2966 1237 3052 ejusdem

109 3075 154 3141 ab
180 3093 249 3140 uua
273 3079 386 3158 parte,
414 3073 540 3143 Gemite
565 3075 653 3142 Pous
677 3074 745 3142 filio
771 3074 907 3144 Comitis
923 3077 1059 3144 hlareha
1075 3097 1116 3143 ex
1132 3077 1237 3142 altera

107 3201 224 3250 eorem
243 3181 337 3246 nobis
353 3183 570 3267 personaliter
588 3185 790 3268 constitutis,
807 3205 867 3269 per
883 3184 1029 3270 prelatos
1046 3185 1186 3268 Petrum,
1205 3189 1237 3249 et

107 3288 313 3357 Demetrium
338 3290 541 3375 propositum
569 3291 714 3370 exstitit,
730 3290 817 3376 quod
833 3291 996 3375 quandam
1012 3297 1132 3358 terram
1150 3293 1238 3375 ipso·

106 3421 182 3466 rum
208 3396 442 3466 hereditariam
468 3397 664 3485 Redemeeh,
681 3399 748 3466 alio
764 3398 1165 3486 nomine-Wyl'voeatam,
1181 3399 1237 3466 Ni·

107 3505 357 3592 oolao‚llgidio,
369 3505 545 3592 Stephano,
557 3515 591 3575 et
603 3508 774 3577 Dominieo
792 3509 868 3577 liliis
881 3507 1129 3595 ipsiusOomitis
1140 3507 1237 3591 Pons,

106 3637 133 3681 a
149 3615 286 3684 domina
301 3633 417 3683 sorore
440 3615 586 3701 ipsorum
602 3617 803 3702 procreatis,
831 3621 865 3682 et
888 3613 1118 3702 procreandis,
1144 3615 1237 3700 ipsis,

109 3735 147 3793 et
162 3725 309 3812 ipsorum
326 3722 513 3810 heredibus,
529 3725 750 3809 heredumque
766 3745 894 3794 suorum
911 3723 1155 3794 suecessoribus
1166 3743 1236 3791 eum

108 3832 264 3902 omnibus
288 3833 506 3918 utilitatibus,
532 3839 566 3901 et
584 3835 797 3920 pertinenciis
814 3836 902 3918 tuis,
919 3855 939 3900 a
956 3833 1084 3900 nemine
1101 3853 1237 3900 eonsen-

106 3942 308 4028 guineorum
327 3961 457 4009 suorum
473 3943 681 4028 aliquatenus
691 3944 913 4030 repetendam,
924 3941 1105 4029 dedissent,
1118 3951 1151 4022 et
1161 3961 1237 4010 oon·

107 4051 291 4134 tulissent,
316 4055 350 4118 et
375 4070 484 4119 eoram
509 4052 604 4117 nobis
630 4052 834 4119 contulerunt
859 4049 919 4118 sub
940 4051 1064 4120 eisdem
1080 4052 1185 4138 metis,
1204 4059 1237 4118 et

104 4157 286 4244 terminis,
311 4159 430 4244 quibus
453 4165 549 4246 pater
564 4161 707 4245 ipsorum
724 4168 757 4228 et
771 4159 871 4230 iidem
888 4159 1105 4244 obtinuerunt,
1121 4179 1236 4247 perpe·

104 4277 170 4334 tuo
195 4267 267 4333 iure
293 4267 539 4353 possidendam.
565 4269 602 4334 In
619 4269 711 4355 eujus
735 4269 783 4336 rei
808 4267 1026 4338 testimouium
1054 4269 1099 4337 ad
1113 4271 1238 4339 instan-

104 4380 201 4444 eiam
227 4377 467 4464 predictorum,
493 4385 663 4464 presentes
690 4379 885 4447 contulimus
901 4379 1003 4464 sigilli
1019 4379 1123 4446 nostri
1137 4379 1239 4446 muni·

104 4487 206 4554 mine
230 4487 424 4574 roboratas,
447 4487 654 4572 presentibus
676 4494 752 4554 tune
776 4489 908 4556 Farlras
933 4489 1093 4573 cantore,
1110 4486 1238 4555 'l'horna

104 4599 269 4680 Leotore,
286 4593 389 4684 hlyho
406 4594 559 4683 custode,
575 4599 686 4662 Maroo
703 4597 745 4665 de
762 4595 857 4685 Pata,
873 4597 1030 4666 Ladislao
1045 4595 1087 4664 de
1101 4595 1235 4677 Zeuleu,
1279 4597 1284 4608 “

101 4703 288 4776 Anthemio
302 4705 348 4774 do
362 4705 455 4808 Nouo
470 4705 597 4792 Castro,
614 4701 750 4776 Urbano
761 4703 807 4776 de
823 4705 979 4793 Zoboleh,
994 4707 1091 4776 Petro
1102 4703 1143 4772 de
1152 4705 1237 4799 Vng,
