3116 5166
839 276 1000 392 Α

359 477 419 546 stri
443 477 532 562 Rege
568 475 712 564 Vngarie
737 479 926 547 conuentus
951 481 1144 568 Monosterij
1171 479 1285 552 Sanoti
1307 479 1418 568 Epidii
1434 478 1466 548 do

365 586 499 670 Simigio
516 586 684 655 oraciones
700 588 733 654 in
748 587 890 656 Domino
907 587 1037 657 debitas
1047 597 1081 657 et
1096 589 1246 659 deuotas.
1262 589 1414 674 Reoeptis
1427 589 1466 654 lit·

357 697 436 764 teris
452 695 569 761 Vestro
594 695 779 763 Maiestatis
805 715 877 763 oum
896 695 1067 765 Gabriano
1083 697 1125 765 de
1141 699 1260 787 Myrey
1278 697 1409 764 bomine
1422 717 1465 764 ve·

358 811 426 870 stro
443 799 570 892 fidelem
585 802 907 872 hominom'nostrum
926 805 1074 873 misimus
1090 826 1150 892 pro
1165 805 1352 874 testimonio
1368 805 1412 872 ad
1423 813 1466 871 re'-
1534 881 1535 894 χ

358 911 589 980 ambulandam
615 919 736 980 terram
760 913 874 981 Fonou
900 919 1052 982 uooatam
1067 913 1336 991 Tuwurnioorum
1351 923 1464 982 uestro·

356 1039 438 1106 rum,
456 1041 553 1106 quarn
569 1023 726 1108 magister
741 1023 833 1106 Vgra
846 1023 1007 1090 etlratrea
1022 1025 1083 1108 sui,
1100 1023 1159 1110 filij
1176 1021 1314 1092 Comitis
1331 1021 1466 1108 lpolitia

356 1135 467 1197 uestra
491 1130 605 1213 grauia
629 1133 793 1216 petierunt
817 1131 881 1198 sibi
907 1131 989 1198 dari.
1015 1131 1078 1211 Qui
1103 1129 1311 1218 postmodum
1326 1148 1464 1197 unaoum
1534 1121 1535 1212 j

359 1238 472 1305 eodem
489 1237 621 1305 homine
638 1246 746 1306 vestro
763 1237 806 1304 ad
831 1258 891 1306 nos
907 1240 1074 1306 redientes
1092 1239 1264 1324 dixerunt,
1292 1238 1379 1322 quod
1405 1257 1465 1306 oon·

355 1344 481 1412 voeatis
491 1346 608 1414 uioinis
619 1347 892 1415 etoommotanois
908 1346 1090 1432 predictam
1106 1355 1228 1416 terrum
1245 1345 1356 1414 Fonou
1372 1365 1463 1412 ream·
1534 1393 1535 1402 κ

307 1461 315 1472 “
354 1454 558 1537 bulauerunt,
576 1462 609 1522 et
628 1457 767 1523 eandem
782 1475 923 1524 renuam
940 1457 1142 1541 invenerunt,
1160 1464 1193 1524 et
1209 1457 1298 1523 nullo
1314 1453 1464 1521 eontradi·

356 1569 445 1629 otore
461 1571 643 1650 apparente
659 1571 844 1633 statuerunt
859 1566 947 1650 Vgra
964 1571 996 1630 et
1011 1563 1167 1632 iratribus
1183 1564 1266 1646 suis,
1280 1561 1357 1648 filijs
1373 1561 1465 1630 Goni-

353 1673 396 1740 tis
413 1673 525 1760 lpoliti
541 1674 633 1742 iuxta
645 1675 856 1743 oollaoionem
867 1685 976 1744 vestre
986 1673 1224 1760 magnitudinis
1235 1672 1463 1760 possidendam.
1534 1753 1535 1756 Ἴ

334 1809 336 1812 ·
461 1783 553 1852 Vnde
578 1805 639 1852 nos
664 1783 709 1851 ad
735 1785 933 1870 peticionem
959 1783 1160 1870 prefatorum
1187 1783 1341 1850 nobilium
1356 1781 1463 1848 dietam

352 1897 472 1960 terram
489 1892 601 1960 Fouou
617 1891 740 1960 eisdem
761 1893 957 1959 auctoritate
977 1892 1185 1978 presenoium
1202 1889 1353 1957 duximus
1368 1888 1461 1955 eonio

351 2002 496 2085 rendam,
513 1999 622 2069 daturi
638 2021 737 2089 super
752 2001 814 2068 hoo
824 2007 981 2070 nostrum
993 2001 1204 2086 priuilegium
1221 2018 1292 2065 oum
1307 2003 1462 2084 presentes

352 2109 472 2178 luerint
489 2115 662 2195 reportate.
681 2109 802 2194 Datum
820 2110 853 2176 in
871 2111 954 2178 villa
969 2108 1042 2176 'Pek
1059 2107 1149 2176 feria
1165 2107 1313 2175 secunda
1329 2113 1401 2192 post
1409 2104 1462 2172 bo-

353 2218 505 2286 minioam
515 2220 672 2306 Exsurge,
685 2239 771 2288 anno
782 2219 917 2286 Domini
926 2219 987 2286 llll.
998 2218 1078 2315 00⁰.
1091 2218 1334 2304 septuagesimo
1348 2221 1461 2282 octauo.

284 2455 288 2463 ι
352 2411 391 2487 (Α
404 2413 503 2486 peosdt
515 2431 548 2471 aa
561 2412 687 2488 olumlny
698 2411 802 2472 hatdra
815 2431 873 2470 ran
886 2431 1019 2488 nyomva.
1032 2414 1169 2471 Eredetie
1181 2431 1199 2470 a
1212 2411 1336 2479 nemueti
1348 2427 1461 2468 museum

701 2503 826 2562 kdairati
838 2501 1126 2576 gyssjtemduyrlben.)

780 2795 1044 2812 *sunan—uuna·-

911 3358 968 3425 53.

348 3557 407 3624 IV.
438 3555 552 3623 baseio
572 3553 751 3644 kirdlyuale
779 3577 850 3624 eaeo
866 3556 1072 3644 adomaoyrot
1088 3537 1210 3624 lra'arlott
1224 3555 1401 3644 oooepdpa
1412 3551 1456 3617 olr-

792 3663 895 3732 leoele.
921 3665 1018 3728 1278.

449 3861 623 3931 ladislaus
649 3863 712 3932 Dei
738 3863 853 3949 graoia
882 3859 1072 3946 Huugarie‚
1104 3863 1294 3951 Dalmaoie,
1326 3859 1455 3938 Groaoie,

242 3989 243 3992 ’
346 3973 449 4042 Rame
460 4021 468 4056 ,
487 3973 600 4040 Seruio
611 4025 620 4060 ,
638 3972 778 4042 Gallioio
789 4024 797 4059 ,
822 3970 1042 4057 Lodomerie‚
1059 3971 1234 4058 Cumanie,
1253 3972 1455 4060 Burgarieque

345 4082 416 4148 Rex
433 4081 583 4147 omuibus
609 4083 733 4151 Christi
748 4081 904 4149 fidelibus
928 4089 1120 4167 presentem
1137 4081 1297 4168 paginam
1311 4085 1455 4168 inspectu·
1534 4153 1535 4162 2

346 4189 394 4253 ris
411 4187 551 4255 salutem
566 4187 600 4255 in
615 4189 755 4258 Domino
781 4189 1022 4278 sempiternam:
1039 4191 1154 4276 Regijs
1183 4189 1396 4275 beneplacitis
1416 4185 1454 4248 iu·
1534 4229 1535 4270 p

346 4297 505 4365 sudantes
521 4297 640 4382 Regali
659 4298 792 4384 dignum
810 4304 862 4365 est
885 4297 1114 4366 munificencia
1129 4297 1330 4380 subvenire,
1347 4307 1453 4375 eosque

343 4405 524 4476 commodis
549 4407 744 4494 premiorum
768 4415 802 4476 et
827 4407 1095 4476 conuenientibus
1120 4406 1273 4476 attollere
1289 4401 1447 4474 denarius.
1534 4395 1535 4450 l

347 4515 400 4584 Ad
416 4516 646 4583 uniuersorum
662 4515 762 4600 igitur
786 4515 940 4585 uotioiam
956 4517 1071 4583 harum
1088 4517 1170 4584 serie
1186 4519 1335 4584 volumus
1350 4530 1447 4601 perue-

344 4625 436 4708 nire,
454 4625 629 4708 quodsum
645 4627 804 4713 magister
819 4627 927 4714 ligra,
952 4627 1110 4708 Nioolaus
1127 4633 1160 4695 et
1175 4627 1333 4713 magister
1347 4621 1444 4709 lpoly-
