3142 5170
326 1150 347 1214 Ι
352 1149 389 1214 V·
405 1147 519 1213 masto
527 1145 634 1234 kiroty
644 1169 665 1210 o
676 1099 861 1234 tntocytot}
872 1150 1039 1234 opdtrdpot
1054 1167 1075 1212 a
1089 1146 1318 1212 renkomdromr'
1333 1150 1449 1234 ortmjt-

632 1253 842 1320 oeddmolrberr
861 1253 1028 1341 biztorttjo.
1047 1255 1143 1320 1286.

435 1451 612 1520 Ladislaus
628 1452 691 1520 Dei
705 1449 821 1537 macie
835 1451 906 1518 Rex
921 1451 1087 1537 Huugarie
1100 1452 1282 1521 venerabili
1291 1451 1378 1538 petri
1390 1454 1446 1519 Lo
1550 1537 1551 1540 Ἴ

325 1562 473 1634 dometio
490 1581 550 1648 per
566 1560 703 1630 eandem
714 1561 970 1648 archiepiscopo
982 1559 1211 1649 strigoniensi,
1222 1563 1350 1646 locique
1361 1563 1446 1649 ejus·
1550 1545 1551 1590 ¹

325 1671 401 1740 dom
417 1670 537 1742 comiti
553 1677 714 1758 perpetuo
732 1671 872 1737 satutem
888 1678 922 1736 et
938 1669 1084 1756 graciam
1100 1673 1245 1760 plenam.
1257 1671 1338 1739 Gom
1355 1675 1445 1737 iuxta

326 1779 569 1848 ordinacionem
584 1784 790 1866 presentem,
816 1798 878 1863 que
901 1777 997 1847 vobis
1013 1780 1223 1866 presentibus
1240 1779 1351 1846 extitit
1366 1777 1446 1844 cele

326 1889 437 1974 brata,
454 1887 617 1956 universis
642 1885 825 1974 privilegiis
851 1892 1040 1955 sanctorum
1055 1889 1300 1974 progenitorum
1317 1893 1443 1955 nostro·

325 2017 406 2082 rum,
434 1995 642 2066 Sanctissimi
666 1995 823 2066 videlieet
845 1996 945 2080 Regis
970 1994 1150 2082 Stephani,
1181 2002 1214 2060 et
1233 1996 1332 2063 Beati
1346 1993 1444 2080 Regis

324 2105 484 2192 Ladislai,
502 2125 563 2174 neo
578 2125 643 2172 uon
658 2105 761 2188 Regis
778 2105 858 2173 Belo
874 2104 928 2171 evi
945 2104 1059 2187 nostri,
1085 2103 1181 2171 nobis
1197 2123 1256 2189 per
1280 2105 1442 2172 Abbatom
1550 2121 1551 2204 ,

326 2215 367 2282 de
385 2215 444 2285 Bel
461 2213 634 2300 exhibitis,
660 2221 755 2303 prout
779 2215 813 2281 in
839 2211 964 2281 eisdem
992 2216 1218 2300 comperimus,
1235 2212 1319 2280 duas
1336 2219 1443 2300 partes

327 2324 440 2395 tributi
456 2333 569 2411 portus
587 2331 619 2392 ct
634 2324 699 2392 fori
726 2323 948 2392 decumarum
966 2321 1165 2390 Monasterio
1176 2321 1289 2390 Sancti
1300 2322 1444 2390 Meurioii
1550 2335 1551 2400 ,

328 2431 371 2500 de
387 2433 447 2499 Bel
462 2431 706 2517 restituerimus,
725 2437 759 2498 ut
775 2430 932 2514 decebat5
952 2429 1184 2515 paternitatem
1201 2435 1345 2496 vestram
1362 2449 1444 2496 mau-
1550 2417 1551 2448 ³

326 2539 445 2608 dantes
461 2541 652 2624 requirimus
669 2559 729 2628 per
743 2545 935 2626 presentos;
961 2545 1136 2622 quatenus,
1151 2538 1181 2605 si
1201 2538 1322 2605 Paulus
1340 2547 1373 2604 et
1387 2538 1443 2605 Ni·
1550 2625 1551 2632 ἵ

328 2649 441 2716 colans
466 2647 507 2714 do
522 2647 685 2716 (tamarum
694 2697 703 2732 ,
729 2647 847 2731 quibus
864 2665 963 2731 super
988 2643 1159 2731 premissis
1173 2645 1300 2714 litteras
1317 2653 1441 2712 nostras

326 2755 563 2825 transmisimus
588 2775 646 2844 per
669 2755 860 2840 magistrum
877 2755 1062 2822 Lorandum
1079 2753 1208 2821 fidelem
1224 2761 1380 2832 nostrum,
1396 2773 1441 2820 re·

326 2867 431 2935 belles
448 2867 614 2935 extiterint
641 2875 783 2932 nostrum
800 2864 988 2930 mandatum
1009 2863 1278 2951 contempnendo,
1297 2883 1357 2932 ros
1371 2881 1440 2928 oon·

327 2982 380 3042 tra
396 2976 526 3043 eosdem
542 2973 748 3063 procedatis,
770 2975 854 3040 sicut
869 2973 1012 3060 expedit,
1026 2973 1285 3040 ecclesiasticam
1301 2993 1361 3060 per
1374 2991 1443 3038 oen·

328 3103 448 3152 suram.
458 3083 578 3153 Datum
595 3085 630 3152 in
641 3085 760 3171 Erohy,
771 3083 872 3151 tercio
889 3082 941 3150 die
951 3083 1182 3169 Apostolorum
1193 3082 1282 3149 Petri
1297 3080 1442 3164 otPanli,

321 3211 415 3260 anno
431 3191 564 3262 Domini
580 3193 630 3262 tt⁰
647 3193 717 3262 00⁰
733 3191 957 3275 octoagesimo
974 3196 1079 3258 sexto.

496 3388 644 3461 (Ersdetie
657 3407 676 3448 a
688 3407 729 3446 sn.
742 3387 868 3446 martoni
881 3385 1038 3461 sosptem
1051 3384 1274 3458 lavottrtbaa.)
