3116 5166
591 290 758 392 ..Q

105 493 173 554 tam
189 503 368 573 corporeos
384 501 484 568 quam
498 485 663 554 mentales
679 487 793 554 comcs
808 488 843 556 in
858 485 1004 574 circuitu,
1021 489 1134 575 visuri,
1151 490 1231 576 quid

107 594 202 680 gregi
217 593 393 663 commisso
410 592 505 661 nobis
515 593 683 682 expediat,
699 600 734 663 ct
750 594 829 678 quid
839 595 948 685 operis
960 597 1104 686 impendi
1116 598 1237 668 debent

108 702 197 771 cirea
211 701 329 791 ipsum,
347 708 384 770 ut
399 703 487 772 illius
505 703 579 771 initi
595 701 752 792 presidio,
770 704 862 774 euius
878 712 954 774 sunt
969 713 1056 774 terro
1073 705 1236 792 cardines,

109 811 161 878 cui
177 810 397 897 cogitationes
422 811 589 880 hominum
613 820 840 901 preparantur,
860 816 979 900 quique
995 813 1126 884 tortium
1142 834 1237 884 arcus

108 925 264 1005 superat,
291 925 324 986 et
349 918 495 988 infirmos
520 921 638 988 robore
661 927 813 1008 potenter
836 923 990 1009 accingit,
1007 923 1110 992 nostri
1125 929 1238 1012 partes

109 1027 213 1098 cilicii
229 1029 405 1100 salubriter
422 1036 456 1097 et
471 1029 594 1098 utiliter
610 1049 822 1118 exponamus,
839 1033 883 1100 ad
899 1051 940 1102 ca
964 1032 1158 1118 presertim,
1174 1051 1238 1118 que

108 1135 264 1206 fidelibus
279 1137 411 1225 populis
426 1137 613 1206 necessario
639 1137 795 1224 expedire
809 1138 986 1208 viderimus
1002 1147 1036 1208 et
1050 1141 1238 1210 noverimus

108 1243 293 1333 protutura.
318 1241 434 1313 Verum
458 1244 536 1314 lieet
562 1245 724 1312 universis
751 1252 785 1314 et
801 1245 942 1334 singulis
958 1247 1148 1333 regionibus
1165 1249 1237 1317 Deo

109 1361 144 1420 et
168 1352 361 1442 Apostolioe
386 1351 466 1422 Sedi
491 1352 621 1423 devotis
645 1352 794 1422 faverem
810 1354 1036 1442 Apostolicnm
1047 1406 1057 1442 ,
1083 1355 1236 1442 quotiens

108 1461 294 1530 necessitas
318 1462 455 1548 ingruit,
481 1462 673 1550 impendere
697 1469 885 1549 teneamur,
903 1483 1029 1548 nosque
1044 1465 1091 1532 ad
1107 1483 1165 1534 aas
1181 1484 1239 1534 no·

108 1576 178 1638 stre
194 1570 467 1640 considerationis
484 1569 705 1639 diffundamns
731 1571 901 1658 intuitum,
919 1591 1005 1640 nuno
1020 1577 1128 1642 tamen
1143 1571 1236 1640 nobi·

107 1678 153 1746 lis
169 1679 276 1765 Regni
292 1678 440 1766 Ungarie
455 1679 673 1748 necessitates
689 1679 881 1766 Apostolicc
897 1678 974 1748 Sedi
985 1679 1172 1765 frequenter
1181 1699 1236 1748 ex·
1254 1699 1256 1706 ·

107 1787 241 1874 positas
256 1786 506 1874 precordialiter
521 1788 693 1872 intuemur,
705 1786 838 1857 auditas
847 1789 1029 1874 recolimus,
1041 1795 1074 1858 et
1089 1809 1155 1858 non
1164 1789 1238 1856 sine

107 1895 222 1964 cordis
237 1893 456 1964 amaritudine
481 1897 594 1983 sepius
620 1896 890 1982 contemplamur.
916 1895 1132 1965 condolemus
1149 1899 1236 1966 euim

107 2004 318 2072 tumultuosis
344 2005 487 2072 molibus
513 2010 547 2071 et
570 2002 739 2073 seditiosis
765 2003 958 2072 tumultibus
983 2004 1084 2084 illius,
1112 2005 1168 2089 qni
1184 2005 1239 2073 vel

106 2132 173 2200 per
189 2113 328 2182 dissidia
351 2113 570 2183 simulctatum
595 2114 785 2182 alterutrum
810 2110 988 2197 dissident,
1014 2113 1067 2180 vel
1083 2131 1235 2198 congres-

108 2241 167 2289 sus
185 2227 315 2288 mutuos
332 2226 365 2290 et
382 2220 472 2288 bella
486 2223 562 2309 plus
579 2239 677 2304 quam
694 2219 810 2290 civilia
827 2219 1014 2288 immaniter
1031 2221 1238 2290 colliduntur.

108 2331 163 2397 Ex
179 2327 297 2413 quibus
310 2329 396 2398 inter
412 2330 491 2415 alia,
509 2331 596 2398 donc
607 2329 702 2416 pacis
712 2328 905 2398 mortalibus
916 2329 1044 2398 eunctis
1060 2329 1239 2398 accomodo

108 2437 227 2506 libello
245 2441 322 2508 dato
338 2440 479 2527 repudii,
497 2441 642 2522 graviter
658 2438 775 2508 solium
791 2439 919 2522 Regale
934 2437 1137 2526 deprimitur,
1155 2438 1238 2506 eius·

109 2567 177 2630 que
201 2545 360 2633 depresso
385 2549 541 2634 regimina
566 2569 631 2616 nou
656 2549 761 2616 solum
787 2547 822 2615 in
847 2545 961 2631 Regno
977 2547 1051 2633 ipso
1067 2551 1239 2616 vastantur

109 2653 201 2722 bena
216 2654 368 2742 fidelium,
385 2657 446 2726 sed
461 2657 533 2725 iure
558 2655 782 2726 Ecclesiarum
798 2661 831 2724 et
852 2655 989 2724 aliorum
1006 2655 1133 2743 piorum
1149 2656 1238 2723 locc-

109 2784 183 2832 rum
199 2767 233 2830 in
249 2766 465 2853 direptionem
481 2767 637 2850 veniunt,
663 2772 697 2834 at
722 2765 858 2836 libertas
875 2763 1105 2834 ecclesiastica
1121 2763 1240 2846 damp-

111 2873 272 2942 nabiliter
289 2873 519 2960 conculcatur,
545 2873 730 2942 animarum
756 2892 887 2957 quoque
897 2872 1111 2942 subsecuntur
1127 2871 1239 2957 deplo-

110 2980 220 3050 randa
235 2983 395 3071 pericula,
412 2986 559 3054 nefanda
574 3002 788 3071 personarum
804 2981 943 3065 excidia,
961 2986 994 3050 ct
1013 2982 1082 3050 alia
1098 2979 1166 3050 iere
1190 2979 1240 3046 in·

109 3107 251 3158 numera
266 3089 471 3161 detrimenta.
488 3094 597 3173 Quare
617 3111 683 3160 non
698 3089 859 3160 immerito
874 3089 1063 3158 accenditur
1079 3087 1167 3158 aelus
1184 3105 1241 3154 no·

111 3203 182 3268 ster
209 3206 243 3267 et
273 3200 360 3284 ignis
385 3201 419 3268 in
435 3207 547 3270 nostre
563 3197 786 3269 meditationis
803 3197 1026 3267 anxietatibus
1043 3192 1240 3278 exardescit,

112 3304 260 3393 dumque
284 3309 537 3395 cogitationibus
562 3307 734 3397 profundis
759 3305 999 3392 immergimur,
1018 3309 1051 3371 et
1066 3301 1241 3372 laboriosis

112 3415 239 3499 vigiliis
255 3417 442 3504 fatigamur,
459 3426 633 3503 querentes
649 3417 747 3486 anxia
763 3422 957 3502 oportunum
972 3412 1006 3478 in
1021 3417 1113 3482 tante
1128 3427 1241 3480 neces·

112 3523 226 3592 sitatis
249 3525 389 3594 articulo
413 3527 592 3596 remedium
617 3524 789 3605 adhibere,
805 3525 883 3592 licet
899 3520 1126 3592 desideremus
1139 3519 1240 3586 iuter-

115 3631 213 3720 dnm,
240 3637 327 3720 quod
351 3637 382 3706 si
398 3657 471 3706 eum
497 3637 619 3706 honore
634 3636 698 3706 Dei
713 3643 747 3704 et
762 3633 931 3718 Ecclesia,
957 3651 998 3701 ac
1014 3627 1140 3698 salubri
1153 3630 1243 3696 statu

115 3750 297 3812 ceterorum
320 3745 464 3818 fidelium
491 3753 635 3816 nostram
662 3763 832 3835 possemus
848 3742 918 3812 illie
934 3739 1091 3811 exhibere
1106 3754 1240 3825 presen-

115 3853 217 3942 tiam,
234 3859 268 3923 et
283 3874 346 3939 quo
363 3862 473 3924 mente
488 3855 640 3937 ferimur,
656 3854 702 3922 ibi
729 3851 949 3940 personaliter
966 3847 1166 3931 existentes,
1182 3842 1241 3912 Di-

114 3968 195 4037 vina
219 3963 292 4032 sulti
318 3965 467 4052 potentia
482 3984 541 4050 per
558 3961 759 4032 evidentiam
774 3959 884 4047 operis
899 3957 1048 4045 proprios
1063 3953 1242 4044 explicare·

115 4095 188 4146 mns
205 4074 363 4157 affectus3
379 4081 621 4156 verumtamen,
646 4071 723 4155 quia
739 4068 773 4136 id
788 4066 932 4137 conditio
949 4071 1063 4135 nostra
1076 4083 1144 4131 nen
1159 4055 1244 4145 pali·

116 4191 181 4270 tur,
198 4183 280 4268 qnia
302 4181 522 4267 ingruentium
547 4177 690 4262 undique
716 4175 919 4263 negotiorum
941 4169 1147 4240 immensitas
1172 4165 1243 4236 sive

118 4295 265 4366 varietas
292 4313 356 4360 non
372 4285 551 4379 permittit,
577 4285 620 4354 ad
645 4295 689 4369 tc,
705 4289 741 4352 nt
757 4283 875 4352 fortem
892 4282 1056 4350 mittamus
1071 4297 1122 4346 -ae
1144 4272 1244 4343 tortia

117 4413 150 4476 et
176 4403 243 4472 tnis
268 4401 412 4471 robustis
437 4396 582 4466 humeris
607 4413 710 4463 onera
734 4391 876 4479 gandia
891 4393 1114 4479 imponamus,
1131 4387 1244 4453 nostre

117 4511 340 4584 convertimus
366 4503 608 4578 diliberatiouis
622 4503 794 4588 intuitum,
811 4506 845 4568 et
859 4501 893 4567 in
909 4506 1039 4569 tuarum
1055 4489 1245 4564 considera·

116 4619 240 4693 tionem
266 4617 421 4690 virtutm
436 4615 655 4690 habuntantcr
669 4609 732 4681 tibi
747 4628 770 4680 a
785 4608 927 4689 Domino
942 4617 1184 4683 concessarum,
1195 4594 1244 4687 ,de
