3142 5164
108 1121 316 1210 34)A1›opa
335 1122 470 1210 Falrpot
479 1121 694 1211 felp'opoeitjn,
720 1124 799 1212 kopp
816 1122 917 1190 arob
933 1122 1064 1211 apptati
1076 1127 1232 1213 jaoadol·

108 1233 181 1298 molo
205 1231 352 1298 kellatloo
377 1231 560 1298 binoloeoit
592 1233 812 1317 elmozdltodo,
838 1233 951 1298 azolar
964 1234 1138 1300 mdaokoalr
1155 1236 1232 1301 odo·

554 1343 789 1427 moopozlzaoa.

213 1537 375 1606 Nicolaue
400 1536 587 1627 Epieoopno
612 1557 729 1608 neruus
755 1556 922 1608 neruorum
940 1536 1022 1625 Dei,
1038 1540 1224 1608 venerabili

107 1646 199 1714 fratri
225 1646 380 1734 Philippo
406 1647 572 1735 Episcopo
597 1648 755 1718 Firmano
776 1637 971 1735 lpostolioo
990 1649 1086 1716 Sedis
1102 1649 1229 1736 Legato

107 1757 249 1822 salntem
267 1762 299 1820 el
324 1757 550 1841 Apostolieam
577 1757 848 1826 benedictionem.
867 1757 947 1826 Cum
964 1765 996 1824 te
1012 1758 1055 1825 ad
1071 1756 1230 1842 Ungario,

108 1864 255 1947 Polonie,
271 1863 449 1948 Dalmatia,
467 1865 609 1950 Oroatia,
627 1867 740 1950 Rome,
753 1867 878 1950 Servio,
892 1865 1095 1951 Lodonrerie‚
1107 1865 1231 1934 Galitio

107 1978 139 2038 et
163 1973 322 2040 Cumania
337 1979 461 2058 parter,
485 1975 545 2040 tibi
564 1976 735 2042 commisso
753 1975 833 2042 inibi
849 1974 947 2059 plene
963 1974 1141 2058 legationis
1160 1975 1230 2043 olli·

104 2079 153 2146 aio
170 2101 230 2166 pro
248 2080 362 2148 arduis
379 2083 523 2166 negotiis
548 2081 771 2152 destinemus:
788 2083 987 2150 fraternitati
1002 2088 1079 2164 tne,
1105 2083 1148 2150 de
1163 2103 1229 2168 qua

103 2189 199 2274 plene
216 2187 423 2274 confidimus,
447 2193 624 2262 amovendi
651 2190 863 2275 abeneiioiie,
882 2191 1114 2275 personatibus
1130 2201 1164 2257 et
1181 2191 1229 2258 di-

103 2298 288 2380 gnitatibnn
304 2299 544 2368 ecelesiastioia
561 2317 783 2384 qnoeoumqne
799 2303 833 2366 in
849 2306 907 2367 tua
922 2300 1089 2383 legatione
1105 2299 1165 2367 illa
1180 2301 1228 2366 in·

103 2407 236 2474 veneris
263 2406 370 2474 minna
397 2408 555 2476 eanonioe
581 2409 741 2490 obtinere,
768 2409 908 2494 ipsaque
924 2397 1227 2494 personie'ydoneie

104 2514 191 2583 inira
207 2535 379 2582 nnmerum
397 2535 456 2601 per
471 2518 558 2584 alins
574 2525 706 2584 nostrae
723 2516 851 2584 litterae
869 2515 926 2582 tibi
947 2534 1137 2584 eoneeeeum
1154 2535 1230 2584 een·

102 2622 240 2710 ferendi,
269 2644 398 2694 neenon
424 2633 458 2694 et
484 2627 739 2694 contradietores
766 2645 1013 2711 percensuram
1031 2627 1230 2694 ecelesiasti-

102 2749 174 2797 cam
190 2734 419 2819 appellatione
436 2735 621 2821 postponite
637 2734 875 2820 eompeeeendi,
893 2735 1025 2820 plenam
1043 2740 1076 2804 et
1091 2735 1229 2802 liberam

102 2841 317 2909 eoneedimna
333 2844 528 2910 auotoritate
544 2843 745 2929 presentium
762 2849 970 2926 potestatem.
989 2843 1107 2910 Datum
1125 2845 1229 2912 Vitor-

102 2951 147 3017 bii
162 2950 207 3016 X.
227 2950 406 3018 Kalendae
423 2951 587 3038 Oetobrin,
604 2953 819 3020 Pontifiootue
835 2952 941 3020 nostri
957 2972 1043 3020 anno
1060 2952 1175 3039 primo.

197 3145 265 3220 (111.
278 3146 387 3203 Mikloo
399 3145 478 3228 pipo
490 3145 689 3220 Regenttibol,
703 3145 830 3204 Theiner
842 3147 881 3202 id.
894 3165 931 3203 m.
944 3147 968 3204 Ι.
981 3147 1009 3202 k.
1022 3147 1083 3204 335.
1098 3143 1130 3218 l.)
