3142 5170
98 1161 161 1226 111.
179 1161 343 1224 Honorius
353 1164 445 1246 pdpa
461 1184 499 1224 aa
522 1165 703 1248 matcrporui
718 1163 834 1228 dracket
849 1161 1127 1249 maphatelmuasa,
1143 1163 1223 1250 dopy
1311 1145 1313 1150 Ι

97 1269 118 1332 1
122 1267 155 1332 V.
174 1267 292 1332 Lorzto
304 1289 438 1354 csapyao·
452 1269 591 1356 birotpr,
617 1271 659 1333 lto
674 1292 695 1332 α
710 1269 868 1358 tirctyctc
883 1269 1045 1336 saubaddd
1060 1270 1223 1335 boadtarra'

99 1377 129 1437 cs
153 1375 305 1462 mapdlros
330 1377 422 1441 canai
445 1399 514 1442 cero
538 1379 682 1462 ckomd,
708 1377 840 1464 spyddai
859 1377 1040 1444 bdctetdrael
1055 1378 1223 1464 ccjtbooo.

605 1487 703 1550 1287.

210 1699 374 1766 Honorius
397 1701 580 1787 Episcopus
613 1722 728 1773 seruus
753 1720 919 1768 seruorum
951 1703 1014 1768 Dei
1039 1700 1224 1766 venerabili

101 1807 197 1874 fratri
214 1856 221 1871 .
240 1853 246 1866 .
266 1855 274 1874 .
291 1809 548 1896 Archiepiscopo
564 1813 781 1897 strigoniensi
796 1812 979 1881 salutemet
995 1810 1223 1897 Apostolicam

98 1914 370 1984 benedictionem.
397 1918 432 1987 si
458 1940 575 2006 sparsa
601 1923 726 1989 semina
742 1922 786 1989 de
801 1923 927 2006 gremio
943 1920 1058 1987 llatris
1074 1917 1225 1984 llcolesie

96 2021 260 2089 seminata
276 2025 462 2092 carissimus
488 2027 522 2093 in
548 2029 680 2098 cbristo
706 2031 793 2097 filius
811 2035 922 2099 noster
939 2030 976 2096 L.
993 2029 1064 2095 Rex
1079 2023 1225 2112 Ungarie

96 2131 240 2199 Illustris
257 2131 442 2220 colligeret,
459 2135 579 2204 Divine
594 2139 702 2222 gratie
713 2137 968 2224 participatione
979 2135 1125 2220 sentiret,
1136 2133 1223 2216 quod

96 2240 173 2321 ipsa
190 2237 341 2308 Ecclesia
356 2243 600 2326 progenitorum
616 2265 745 2312 suorum
759 2245 976 2314 meritaclara
991 2259 1225 2323 rememorans,

95 2363 172 2412 eum
188 2345 337 2413 baiulare
352 2367 393 2414 ao
410 2350 535 2416 lactare
553 2351 639 2437 cepit
654 2361 690 2421 ut
705 2353 818 2431 lilium,
836 2361 869 2421 et
884 2354 1016 2420 taudem
1031 2370 1134 2418 eausa
1149 2365 1223 2432 sug-

95 2463 252 2540 gerente,
269 2459 426 2523 maternis
443 2459 707 2546 allocutionibus,
729 2482 770 2528 ne
786 2467 832 2529 sic
848 2461 971 2528 clarum
987 2479 1121 2545 germen
1136 2456 1223 2524 deei-

95 2559 200 2645 deret,
217 2564 406 2634 informavit
422 2567 530 2652 ipsum
555 2587 595 2633 ae
611 2570 732 2637 direxit
747 2567 928 2638 indefessis
944 2565 1223 2636 sollicitudinibus

96 2679 129 2738 et
144 2671 264 2739 studiis
280 2675 460 2758 oportunis,
486 2677 675 2760 specialiter
702 2701 722 2743 a
738 2685 883 2764 tempore
899 2675 1006 2743 felicis
1022 2674 1224 2742 recordatio·
1289 2654 1295 2674 “

95 2779 148 2847 nis
168 2779 298 2848 Nicolai
316 2783 404 2867 Papc
425 2783 670 2868 predecessoris
687 2786 800 2866 nostri,
818 2795 913 2870 prout
928 2783 1033 2868 ipsius
1049 2781 1224 2867 predeces-

95 2885 186 2955 soris
210 2893 304 2956 aetus
321 2889 480 2958 salutiferi
496 2901 741 2979 representaut.
758 2893 823 2960 Sed
850 2892 1048 2980 prohdolor,
1066 2889 1151 2956 sicut
1168 2888 1222 2957 di·

96 2993 205 3061 versis
220 2998 391 3081 scripturis
408 3007 441 3063 ot
457 3001 616 3067 relatibus
633 3020 673 3066 ac
689 3003 776 3070 alias
789 3001 878 3068 fama
890 3000 1095 3082 divulgante,
1111 3017 1224 3064 amare

95 3107 323 3189 percepimus,
350 3108 424 3191 ipse
449 3107 521 3174 Rex
547 3103 686 3178 desertis
712 3110 954 3198 progenitorum
982 3126 1112 3174 suorum
1127 3105 1225 3173 vesti·

93 3213 173 3296 giis,
198 3213 331 3282 fallibili
358 3217 536 3285 collusione
561 3219 776 3303 degenerans,
803 3219 881 3287 lieet
898 3219 1061 3285 interdum
1078 3215 1225 3284 eiusdem

96 3323 215 3389 matris
231 3323 514 3392 exhortationibus
531 3328 745 3411 acquiescere
761 3346 818 3396 ore
834 3325 1053 3411 protenderet,
1071 3326 1226 3391 tamenin

94 3433 228 3496 ruinam
244 3441 361 3516 sponte
377 3433 533 3518 prosilire
550 3436 743 3518 dinoscitur,
761 3435 836 3501 dum
862 3435 967 3501 Deum
993 3439 1226 3516 contempnere

94 3559 163 3608 non
183 3547 331 3622 veretur,
347 3543 404 3609 vel
429 3545 572 3612 revereri
596 3545 806 3628 contempnit,
824 3551 857 3611 et
872 3543 955 3610 alias
971 3543 1004 3609 in
1021 3540 1226 3626 precipitium

95 3667 134 3713 se
151 3646 308 3732 devolvit,
327 3647 583 3718 destructionem
600 3650 687 3720 fame
700 3652 833 3736 proprie
849 3671 913 3718 non
929 3667 1122 3735 aspernans,
1134 3646 1226 3712 euius

92 3754 288 3823 notabiliter
303 3757 475 3843 prodigus,
485 3759 612 3844 positos
629 3767 680 3826 est
697 3759 729 3824 in
747 3759 891 3826 notabile
907 3755 1130 3842 spectaculum
1145 3773 1227 3837 gen·

91 3865 208 3945 mbos,
234 3873 268 3930 ut
293 3873 447 3949 tauquam
465 3867 657 3933 criminosus
685 3875 884 3933 mercatura
900 3863 1039 3951 siugulis
1055 3862 1224 3945 denotari;

93 3991 157 4056 pro
175 3990 216 4038 eo
233 3975 386 4059 maxime,
404 3975 493 4057 quod
509 3973 670 4059 religione
686 3972 873 4040 christiana
889 3974 1083 4058 postposita,
1099 3972 1154 4036 vel
1169 3990 1227 4057 po·

93 4081 162 4145 tius
181 4079 322 4163 abiecta,
339 4083 373 4147 in
391 4089 612 4168 contemptum
638 4082 751 4150 Divini
768 4082 908 4148 nominis
925 4101 961 4147 se
978 4099 1051 4146 eum
1067 4073 1225 4163 Tartaris,

92 4189 314 4274 sarracenis,
340 4191 512 4273 Neugeriis
538 4197 571 4257 et
596 4191 741 4275 Paganis
769 4189 1020 4258 conversatione
1046 4187 1228 4274 dampnata

93 4294 314 4364 confederare
339 4315 376 4364 se
394 4298 532 4381 dicitur,
559 4299 749 4384 specialiter
763 4296 893 4366 vivendi
911 4315 982 4362 oum
999 4296 1125 4364 eisdem
1140 4295 1226 4362 Neu·

92 4405 199 4489 gerris
215 4425 332 4471 norma
347 4413 487 4490 sumpta,
505 4413 537 4470 et
551 4407 702 4492 abiecta,
725 4407 823 4472 immo
838 4405 948 4491 potius
965 4405 1089 4472 carceri
1106 4400 1228 4469 traditu

92 4515 286 4580 immaniter
301 4532 402 4582 uxore
420 4515 573 4600 propria,
599 4515 756 4582 videlicet
773 4511 945 4582 carissima
963 4513 995 4577 in
1012 4511 1142 4581 Christo
1157 4508 1227 4576 filia

91 4633 211 4690 nostra
238 4623 276 4688 ll.
295 4623 420 4706 Regina
447 4619 595 4708 ngarie
619 4621 752 4708 Illustri,
774 4623 948 4693 deseviens
966 4621 998 4685 in
1015 4639 1052 4687 se
1070 4619 1175 4703 ipsum
1192 4623 1226 4683 et
