3142 5164
606 337 771 437 Q

125 554 200 619 pam
216 533 260 600 X.
276 532 549 618 predecessorem
568 539 732 615 nostrum,
759 533 907 600 ordinem
926 535 1166 619 presbiteratus
1182 554 1247 601 non

123 647 297 728 receperat
312 641 398 706 inl'ra
414 661 547 724 annum,
565 645 700 726 propter
716 642 806 723 quod
822 647 894 708 erat
905 641 1061 708 inhabilis
1079 642 1123 709 ad
1141 643 1249 709 huius-

125 749 214 818 modi
241 747 497 816 confirmationis
523 747 717 815 beneficium
744 747 967 833 obtinendum,
992 749 1175 818 inhibuisse
1190 749 1250 822 titi

123 856 262 938 dicitur,
289 876 330 922 ne
346 855 469 922 dictam
498 856 695 922 eiectionem
712 856 922 938 aliquatenus
948 855 1169 942 confirmares,
1187 857 1236 924 sic

124 984 187 1047 quc
212 970 363 1050 pretextu
391 961 592 1030 inhibitionis
619 963 799 1029 huiusmodi
818 963 907 1030 diota
932 961 1161 1032 Waradiensis
1187 965 1248 1033 Ec-

124 1071 229 1138 clesia
245 1071 444 1154 ,vacationis
470 1073 678 1138 incommoda
696 1072 896 1154 compellitur
915 1071 1065 1158 experiri.
1078 1071 1081 1078 ’
1093 1073 1172 1138 (lum
1188 1074 1248 1140 ita·

123 1199 198 1263 que,
216 1182 301 1245 sicut
318 1185 496 1262 asseritur,
526 1179 614 1244 dicta
631 1179 781 1244 Ecclesia
798 1181 840 1244 de
858 1179 1086 1249 Castrclerreo
1102 1201 1168 1248 non
1185 1181 1245 1250 Pa·

123 1287 290 1370 rochiniis,
307 1287 366 1354 sed
392 1287 578 1369 collegiata
600 1288 742 1372 existat,
771 1289 817 1352 ita
833 1287 918 1370 quod
944 1289 985 1351 ed
1003 1289 1246 1372 Prepesituram

122 1397 231 1480 ipsam
249 1415 286 1463 se
303 1397 392 1462 dicta
408 1395 620 1478 constitutio,
638 1415 699 1477 quo
715 1401 843 1462 tantum
860 1394 901 1458 de
920 1395 1170 1463 Parocbialibus
1188 1395 1247 1461 uc

124 1505 236 1571 clesiis
254 1513 286 1568 et
303 1504 482 1588 assumptis
499 1504 544 1570 ad
561 1504 708 1586 ipsarum
725 1507 870 1586 regimen
883 1503 1035 1587 loquitur,
1053 1524 1118 1568 non
1135 1511 1247 1570 exten·

123 1609 179 1693 dit,
198 1632 258 1696 pro
275 1618 368 1697 parte
384 1612 544 1678 dictorum
562 1611 667 1677 Eleoti
685 1617 716 1674 ct
734 1611 877 1693 Capituli
895 1609 955 1678 fuit
972 1610 1066 1676 nobis
1083 1609 1248 1680 humiliter

123 1719 365 1806 supplicatum,
392 1725 427 1783 ut.
453 1719 627 1802 providere
653 1738 751 1803 super·
775 1719 836 1784 hoc
862 1720 903 1785 de
919 1717 1126 1803 benignitate
1151 1715 1247 1787 Sedis

122 1825 314 1910 Apostoliee
342 1846 541 1892 curaremus.
574 1825 645 1890 Nos
661 1837 768 1891 autem
794 1825 942 1912 predicte
958 1823 1169 1893 Warudiensi
1185 1827 1246 1892 Ec·

123 1935 235 2020 clesie,
252 1955 293 2002 ne
309 1937 456 2003 ulteriori
484 1937 648 2002 vacationi
665 1937 844 2020 subiaceat,
860 1946 1002 2024 palerna
1017 1939 1164 2004 volentes
1181 1933 1245 2000 sol·

124 2041 295 2111 licitudine
311 2044 497 2130 providere,
508 2045 706 2110 fraternitati
723 2051 831 2110 vestre
842 2064 902 2130 per
918 2043 1247 2130 Apostolicascripta

122 2151 320 2217 mandamus
331 2203 339 2235 ,
358 2159 520 2234 quatenus
538 2153 625 2220 veris
643 2151 858 2218 existentibus
878 2153 1077 2237 supradictis
1087 2202 1095 2234 ,
1113 2159 1157 2237 tu,
1175 2171 1246 2238 pre-

122 2259 210 2325 dicte
227 2259 504 2346 Archiepiscopc,
531 2281 603 2326 cum
631 2279 741 2326 eorum
759 2260 883 2345 altere,
910 2263 936 2327 si
963 2280 1075 2328 omnes
1091 2259 1155 2325 hiis
1173 2277 1245 2326 exe-

123 2367 266 2450 quendis
284 2369 498 2452 nequiveritis
515 2367 695 2452 interesse,
721 2367 879 2450 inquisita
895 2367 937 2434 de
953 2367 1049 2435 modo
1074 2367 1247 2434 electionis

122 2495 161 2540 ec
179 2475 296 2542 studiis
314 2475 522 2560 eligentium,
547 2498 587 2544 ac
603 2475 709 2541 illecti
735 2475 859 2540 meritis
884 2473 1073 2559 diligentius
1097 2473 1247 2558 ueritate,

121 2583 148 2647 si
167 2583 291 2649 dictam
320 2583 515 2651 electionem
543 2581 738 2651 inveneritis
765 2581 851 2648 alias
879 2582 918 2646 dc
945 2601 1089 2666 persona
1113 2581 1246 2668 ydonee

122 2693 281 2758 canonice
299 2691 519 2774 celebratam,
537 2693 731 2756 auctoritate
747 2695 858 2755 nostra
876 2689 1076 2756 confirmetis
1094 2687 1243 2771 eandem,

123 2795 284 2866 facientes
311 2819 332 2864 a
360 2799 428 2865 suis
453 2797 593 2865 subditis
618 2797 725 2866 eidem
742 2799 855 2864 Electo
881 2796 1097 2865 reuerentiam
1122 2805 1154 2864 et
1171 2798 1246 2862 obe·

125 2905 288 2971 dientiam
306 2907 451 2974 debitam
471 2905 619 2972 exhiberi
629 2957 638 2989 ,
656 2925 697 2970 ac
713 2905 943 2974 nichilominus
962 2915 1017 2992 tu,
1041 2903 1171 2994 prefate
1187 2907 1247 2970 Ar·

121 3013 345 3100 chiepiscope,
365 3016 528 3083 adiunctis
546 3016 604 3080 tibi
618 3015 753 3102 duobus
771 3015 823 3080 vel
841 3015 946 3081 tribus
962 3014 1157 3100 Episcopis,
1174 3031 1247 3097 gra·

123 3119 205 3186 tiam
223 3127 257 3188 et
273 3123 530 3189 communionem
546 3122 738 3210 Apostoliee
755 3121 851 3190 Sedis
867 3121 1076 3206 habentibus,
1095 3119 1244 3209 predicto

121 3227 239 3295 Electa
274 3249 391 3295 munus
434 3231 695 3299 consecrationis
727 3230 911 3314 impendas.
945 3229 1099 3312 Alioquin
1127 3225 1245 3296 eadem

120 3337 283 3404 electione
309 3337 372 3403 rite
398 3348 552 3422 cassata,
578 3346 700 3405 extunc
723 3337 923 3407 celebranda
948 3337 1066 3404 electio
1097 3336 1245 3422 predicte

118 3444 349 3512 Waradiensis
365 3446 514 3513 Ecclesia
530 3447 575 3513 ad
603 3467 681 3532 eos,
699 3447 742 3512 ad
760 3465 842 3530 quos
859 3447 900 3512 de
912 3445 988 3530 jure
1004 3429 1145 3531 pertihet
1154 3495 1164 3530 ,
1191 3443 1246 3511 de·

118 3553 283 3620 volvatur.
309 3553 429 3618 Datum
446 3554 536 3639 apud
551 3553 847 3621 Urbem-Veterem
873 3550 982 3620 XIIII.
1007 3551 1173 3619 kalendas
1190 3551 1246 3617 Ju-

117 3663 166 3749 lii,
185 3660 401 3729 Pontificatns
418 3664 520 3729 nostri
539 3683 624 3730 anno
642 3663 797 3731 secundo.

211 3857 272 3928 (IV.
288 3856 404 3913 Martem
418 3855 496 3929 papa
509 3856 709 3940 Regesttibtl,
723 3856 851 3913 Theincr
863 3855 901 3910 id.
917 3874 953 3910 m.
967 3855 987 3913 1.
1003 3856 1030 3911 h.
1045 3857 1105 3913 850.
1121 3855 1152 3928 l.)

179 4751 284 4794 uouere
299 4749 380 4790 nuuc,
394 4749 460 4791 EIS'I'.
475 4751 543 4792 DIPL.
553 4771 580 4779 —
590 4749 609 4788 9,
