<?xml version="1.0" encoding="UTF-8"?>
<!DOCTYPE html PUBLIC "-//W3C//DTD XHTML 1.0 Transitional//EN"
    "http://www.w3.org/TR/xhtml1/DTD/xhtml1-transitional.dtd">
<html xmlns="http://www.w3.org/1999/xhtml" xml:lang="en" lang="en">
 <head>
  <title>
</title>
<meta http-equiv="Content-Type" content="text/html;charset=utf-8" />
  <meta name='ocr-system' content='tesseract 3.04.00' />
  <meta name='ocr-capabilities' content='ocr_page ocr_carea ocr_par ocr_line ocrx_word'/>
</head>
<body>
  <div class='ocr_page' id='page_1' title='image "./codexdiplomatic08wenzgoog_0143.png"; bbox 0 0 3116 5166; ppageno 0'>
   <div class='ocr_carea' id='block_1_1' title="bbox 557 341 719 444">
    <p class='ocr_par' dir='ltr' id='par_1_1' title="bbox 557 341 719 444">
     <span class='ocr_line' id='line_1_1' title="bbox 557 341 719 444; baseline -0.019 -32"><span class='ocrx_word' id='word_1_1' title='bbox 557 341 719 444; x_wconf 47' lang='lat' dir='ltr'><strong>..me-</strong></span> 
     </span>
    </p>
   </div>
   <div class='ocr_carea' id='block_1_2' title="bbox 34 539 1270 2152">
    <p class='ocr_par' dir='ltr' id='par_1_2' title="bbox 34 539 1270 2152">
     <span class='ocr_line' id='line_1_2' title="bbox 67 539 1203 627; baseline -0.002 -17"><span class='ocrx_word' id='word_1_2' title='bbox 67 541 179 610; x_wconf 87' lang='lat' dir='ltr'><strong>missis</strong></span> <span class='ocrx_word' id='word_1_3' title='bbox 196 541 258 608; x_wconf 90' lang='lat' dir='ltr'><strong>tibi</strong></span> <span class='ocrx_word' id='word_1_4' title='bbox 273 541 433 627; x_wconf 85' lang='lat' dir='ltr'><strong>partibus,</strong></span> <span class='ocrx_word' id='word_1_5' title='bbox 449 541 630 627; x_wconf 82' lang='lat' dir='ltr'><strong>provinciis</strong></span> <span class='ocrx_word' id='word_1_6' title='bbox 641 540 769 610; x_wconf 88' lang='lat' dir='ltr'><strong>etlocis</strong></span> <span class='ocrx_word' id='word_1_7' title='bbox 780 539 991 626; x_wconf 90' lang='lat' dir='ltr'><strong>aliquatenus</strong></span> <span class='ocrx_word' id='word_1_8' title='bbox 1002 561 1067 608; x_wconf 88' lang='lat' dir='ltr'><strong>non</strong></span> <span class='ocrx_word' id='word_1_9' title='bbox 1084 541 1203 627; x_wconf 85' lang='lat' dir='ltr'><strong>utaris,</strong></span> 
     </span>
     <span class='ocr_line' id='line_1_3' title="bbox 71 647 1270 736; baseline -0.001 -19"><span class='ocrx_word' id='word_1_10' title='bbox 71 655 105 717; x_wconf 89' lang='lat' dir='ltr'><strong>et</strong></span> <span class='ocrx_word' id='word_1_11' title='bbox 122 648 275 736; x_wconf 86' lang='lat' dir='ltr'><strong>quodid,</strong></span> <span class='ocrx_word' id='word_1_12' title='bbox 292 648 380 733; x_wconf 92' lang='lat' dir='ltr'><strong>quod</strong></span> <span class='ocrx_word' id='word_1_13' title='bbox 396 649 431 714; x_wconf 93' lang='lat' dir='ltr'><strong>in</strong></span> <span class='ocrx_word' id='word_1_14' title='bbox 447 648 510 716; x_wconf 91' lang='lat' dir='ltr'><strong>bac</strong></span> <span class='ocrx_word' id='word_1_15' title='bbox 525 655 624 735; x_wconf 89' lang='lat' dir='ltr'><strong>parte</strong></span> <span class='ocrx_word' id='word_1_16' title='bbox 639 649 700 716; x_wconf 90' lang='lat' dir='ltr'><strong>tibi</strong></span> <span class='ocrx_word' id='word_1_17' title='bbox 716 667 778 733; x_wconf 91' lang='lat' dir='ltr'><strong>pro</strong></span> <span class='ocrx_word' id='word_1_18' title='bbox 794 647 1002 716; x_wconf 82' lang='lat' dir='ltr'><strong>evidentibus</strong></span> <span class='ocrx_word' id='word_1_19' title='bbox 1024 651 1202 718; x_wconf 80' lang='lat' dir='ltr'><strong>necessita</strong></span> <span class='ocrx_word' id='word_1_20' title='bbox 1268 681 1270 686; x_wconf 34' lang='lat' dir='ltr'>v</span> 
     </span>
     <span class='ocr_line' id='line_1_4' title="bbox 71 755 1203 845; baseline 0.003 -24"><span class='ocrx_word' id='word_1_21' title='bbox 71 755 159 824; x_wconf 86' lang='lat' dir='ltr'><strong>tibus</strong></span> <span class='ocrx_word' id='word_1_22' title='bbox 174 763 210 824; x_wconf 89' lang='lat' dir='ltr'><strong>et</strong></span> <span class='ocrx_word' id='word_1_23' title='bbox 224 757 424 826; x_wconf 89' lang='lat' dir='ltr'><strong>utilitatibus</strong></span> <span class='ocrx_word' id='word_1_24' title='bbox 433 757 540 841; x_wconf 80' lang='lat' dir='ltr'><strong>Regni</strong></span> <span class='ocrx_word' id='word_1_25' title='bbox 551 757 693 845; x_wconf 76' lang='lat' dir='ltr'><strong>predicti</strong></span> <span class='ocrx_word' id='word_1_26' title='bbox 708 762 741 823; x_wconf 92' lang='lat' dir='ltr'><strong>et</strong></span> <span class='ocrx_word' id='word_1_27' title='bbox 757 763 917 825; x_wconf 89' lang='lat' dir='ltr'><strong>terrarum</strong></span> <span class='ocrx_word' id='word_1_28' title='bbox 929 758 1118 826; x_wconf 90' lang='lat' dir='ltr'><strong>earumdem</strong></span> <span class='ocrx_word' id='word_1_29' title='bbox 1129 779 1203 827; x_wconf 89' lang='lat' dir='ltr'><strong>cou-</strong></span> 
     </span>
     <span class='ocr_line' id='line_1_5' title="bbox 73 864 1205 950; baseline 0.003 -19"><span class='ocrx_word' id='word_1_30' title='bbox 73 864 224 949; x_wconf 83' lang='lat' dir='ltr'><strong>ceditur,</strong></span> <span class='ocrx_word' id='word_1_31' title='bbox 250 866 293 934; x_wconf 89' lang='lat' dir='ltr'><strong>ad</strong></span> <span class='ocrx_word' id='word_1_32' title='bbox 320 866 466 949; x_wconf 77' lang='lat' dir='ltr'><strong>aliquem</strong></span> <span class='ocrx_word' id='word_1_33' title='bbox 491 864 759 950; x_wconf 73' lang='lat' dir='ltr'><strong>consequentiam</strong></span> <span class='ocrx_word' id='word_1_34' title='bbox 786 870 936 950; x_wconf 88' lang='lat' dir='ltr'><strong>pretextu</strong></span> <span class='ocrx_word' id='word_1_35' title='bbox 960 865 1145 933; x_wconf 89' lang='lat' dir='ltr'><strong>huiusmodi</strong></span> <span class='ocrx_word' id='word_1_36' title='bbox 1169 868 1205 934; x_wconf 91' lang='lat' dir='ltr'><strong>in</strong></span> 
     </span>
     <span class='ocr_line' id='line_1_6' title="bbox 72 971 1204 1061; baseline 0.003 -23"><span class='ocrx_word' id='word_1_37' title='bbox 72 973 189 1057; x_wconf 76' lang='lat' dir='ltr'><strong>Regno</strong></span> <span class='ocrx_word' id='word_1_38' title='bbox 206 981 241 1042; x_wconf 88' lang='lat' dir='ltr'><strong>et</strong></span> <span class='ocrx_word' id='word_1_39' title='bbox 255 975 352 1042; x_wconf 86' lang='lat' dir='ltr'><strong>terris</strong></span> <span class='ocrx_word' id='word_1_40' title='bbox 370 974 497 1042; x_wconf 88' lang='lat' dir='ltr'><strong>eisdem</strong></span> <span class='ocrx_word' id='word_1_41' title='bbox 513 979 647 1061; x_wconf 89' lang='lat' dir='ltr'><strong>propter</strong></span> <span class='ocrx_word' id='word_1_42' title='bbox 662 971 723 1041; x_wconf 88' lang='lat' dir='ltr'><strong>boe</strong></span> <span class='ocrx_word' id='word_1_43' title='bbox 740 974 951 1060; x_wconf 83' lang='lat' dir='ltr'><strong>imposterum</strong></span> <span class='ocrx_word' id='word_1_44' title='bbox 967 993 1032 1040; x_wconf 92' lang='lat' dir='ltr'><strong>non</strong></span> <span class='ocrx_word' id='word_1_45' title='bbox 1044 974 1204 1042; x_wconf 87' lang='lat' dir='ltr'><strong>trahatur.</strong></span> 
     </span>
     <span class='ocr_line' id='line_1_7' title="bbox 34 1081 1206 1172; baseline 0.001 -23"><span class='ocrx_word' id='word_1_46' title='bbox 34 1081 39 1096; x_wconf 93' lang='lat'>&#39;</span> <span class='ocrx_word' id='word_1_47' title='bbox 72 1081 237 1160; x_wconf 75' lang='lat' dir='ltr'><strong>Quocirca</strong></span> <span class='ocrx_word' id='word_1_48' title='bbox 253 1082 450 1151; x_wconf 79' lang='lat' dir='ltr'><strong>trstcrnitati</strong></span> <span class='ocrx_word' id='word_1_49' title='bbox 468 1089 523 1150; x_wconf 90' lang='lat' dir='ltr'><strong>tue</strong></span> <span class='ocrx_word' id='word_1_50' title='bbox 538 1101 598 1169; x_wconf 88' lang='lat' dir='ltr'><strong>per</strong></span> <span class='ocrx_word' id='word_1_51' title='bbox 613 1082 809 1167; x_wconf 86' lang='lat' dir='ltr'><strong>Apostolica</strong></span> <span class='ocrx_word' id='word_1_52' title='bbox 835 1081 957 1168; x_wconf 89' lang='lat' dir='ltr'><strong>scripta</strong></span> <span class='ocrx_word' id='word_1_53' title='bbox 982 1081 1119 1150; x_wconf 87' lang='lat' dir='ltr'><strong>firmiter</strong></span> <span class='ocrx_word' id='word_1_54' title='bbox 1133 1103 1206 1172; x_wconf 91' lang='lat' dir='ltr'><strong>pre·</strong></span> 
     </span>
     <span class='ocr_line' id='line_1_8' title="bbox 73 1189 1207 1276; baseline 0.001 -20"><span class='ocrx_word' id='word_1_55' title='bbox 73 1190 231 1276; x_wconf 87' lang='lat' dir='ltr'><strong>eiplendo</strong></span> <span class='ocrx_word' id='word_1_56' title='bbox 256 1190 474 1274; x_wconf 87' lang='lat' dir='ltr'><strong>mandamus,</strong></span> <span class='ocrx_word' id='word_1_57' title='bbox 500 1197 663 1275; x_wconf 88' lang='lat' dir='ltr'><strong>quatenus</strong></span> <span class='ocrx_word' id='word_1_58' title='bbox 689 1190 871 1257; x_wconf 90' lang='lat' dir='ltr'><strong>iniunctum</strong></span> <span class='ocrx_word' id='word_1_59' title='bbox 897 1189 958 1256; x_wconf 91' lang='lat' dir='ltr'><strong>tibi</strong></span> <span class='ocrx_word' id='word_1_60' title='bbox 984 1209 1067 1257; x_wconf 90' lang='lat' dir='ltr'><strong>onus</strong></span> <span class='ocrx_word' id='word_1_61' title='bbox 1083 1189 1207 1258; x_wconf 87' lang='lat' dir='ltr'><strong>laboris</strong></span> 
     </span>
     <span class='ocr_line' id='line_1_9' title="bbox 74 1296 1206 1384; baseline 0.002 -20"><span class='ocrx_word' id='word_1_62' title='bbox 74 1298 264 1366; x_wconf 83' lang='lat' dir='ltr'><strong>huiuamodi</strong></span> <span class='ocrx_word' id='word_1_63' title='bbox 280 1317 339 1384; x_wconf 89' lang='lat' dir='ltr'><strong>pro</strong></span> <span class='ocrx_word' id='word_1_64' title='bbox 357 1297 479 1364; x_wconf 84' lang='lat' dir='ltr'><strong>Divina</strong></span> <span class='ocrx_word' id='word_1_65' title='bbox 496 1302 529 1364; x_wconf 92' lang='lat' dir='ltr'><strong>et</strong></span> <span class='ocrx_word' id='word_1_66' title='bbox 544 1305 657 1366; x_wconf 88' lang='lat' dir='ltr'><strong>nostra</strong></span> <span class='ocrx_word' id='word_1_67' title='bbox 673 1300 860 1364; x_wconf 83' lang='lat' dir='ltr'><strong>reverentia</strong></span> <span class='ocrx_word' id='word_1_68' title='bbox 874 1296 992 1366; x_wconf 90' lang='lat' dir='ltr'><strong>denote</strong></span> <span class='ocrx_word' id='word_1_69' title='bbox 1010 1299 1206 1384; x_wconf 86' lang='lat' dir='ltr'><strong>suscipiens,</strong></span> 
     </span>
     <span class='ocr_line' id='line_1_10' title="bbox 75 1403 1209 1484; baseline -0.002 -12"><span class='ocrx_word' id='word_1_70' title='bbox 75 1404 158 1472; x_wconf 91' lang='lat' dir='ltr'><strong>illud</strong></span> <span class='ocrx_word' id='word_1_71' title='bbox 175 1407 224 1471; x_wconf 92' lang='lat' dir='ltr'><strong>sic</strong></span> <span class='ocrx_word' id='word_1_72' title='bbox 241 1405 390 1484; x_wconf 87' lang='lat' dir='ltr'><strong>sollicite,</strong></span> <span class='ocrx_word' id='word_1_73' title='bbox 407 1407 455 1473; x_wconf 91' lang='lat' dir='ltr'><strong>sie</strong></span> <span class='ocrx_word' id='word_1_74' title='bbox 471 1405 608 1473; x_wconf 82' lang='lat' dir='ltr'><strong>viriiiter</strong></span> <span class='ocrx_word' id='word_1_75' title='bbox 624 1413 655 1472; x_wconf 92' lang='lat' dir='ltr'><strong>et</strong></span> <span class='ocrx_word' id='word_1_76' title='bbox 681 1403 894 1474; x_wconf 76' lang='lat' dir='ltr'><strong>laudabiliter</strong></span> <span class='ocrx_word' id='word_1_77' title='bbox 909 1407 1002 1473; x_wconf 83' lang='lat' dir='ltr'><strong>iuxta</strong></span> <span class='ocrx_word' id='word_1_78' title='bbox 1019 1405 1130 1474; x_wconf 88' lang='lat' dir='ltr'><strong>datam</strong></span> <span class='ocrx_word' id='word_1_79' title='bbox 1147 1405 1209 1473; x_wconf 90' lang='lat' dir='ltr'><strong>tibi</strong></span> 
     </span>
     <span class='ocr_line' id='line_1_11' title="bbox 76 1512 1209 1602; baseline -0.003 -20"><span class='ocrx_word' id='word_1_80' title='bbox 76 1535 97 1582; x_wconf 90' lang='lat' dir='ltr'><strong>a</strong></span> <span class='ocrx_word' id='word_1_81' title='bbox 113 1512 189 1583; x_wconf 90' lang='lat' dir='ltr'><strong>Deo</strong></span> <span class='ocrx_word' id='word_1_82' title='bbox 202 1514 445 1602; x_wconf 84' lang='lat' dir='ltr'><strong>providentiam</strong></span> <span class='ocrx_word' id='word_1_83' title='bbox 474 1516 657 1599; x_wconf 78' lang='lat' dir='ltr'><strong>exequaris,</strong></span> <span class='ocrx_word' id='word_1_84' title='bbox 674 1515 762 1596; x_wconf 87' lang='lat' dir='ltr'><strong>quod</strong></span> <span class='ocrx_word' id='word_1_85' title='bbox 778 1514 821 1582; x_wconf 93' lang='lat' dir='ltr'><strong>de</strong></span> <span class='ocrx_word' id='word_1_86' title='bbox 836 1516 901 1582; x_wconf 91' lang='lat' dir='ltr'><strong>tuis</strong></span> <span class='ocrx_word' id='word_1_87' title='bbox 918 1514 1074 1582; x_wconf 80' lang='lat' dir='ltr'><strong>studiosis</strong></span> <span class='ocrx_word' id='word_1_88' title='bbox 1090 1513 1209 1581; x_wconf 88' lang='lat' dir='ltr'><strong>labori·</strong></span> 
     </span>
     <span class='ocr_line' id='line_1_12' title="bbox 77 1622 1210 1710; baseline 0 -22"><span class='ocrx_word' id='word_1_89' title='bbox 77 1622 160 1706; x_wconf 88' lang='lat' dir='ltr'><strong>bus,</strong></span> <span class='ocrx_word' id='word_1_90' title='bbox 178 1623 295 1690; x_wconf 76' lang='lat' dir='ltr'><strong>celesti</strong></span> <span class='ocrx_word' id='word_1_91' title='bbox 320 1623 452 1692; x_wconf 81' lang='lat' dir='ltr'><strong>furente</strong></span> <span class='ocrx_word' id='word_1_92' title='bbox 478 1623 675 1706; x_wconf 88' lang='lat' dir='ltr'><strong>clementia,</strong></span> <span class='ocrx_word' id='word_1_93' title='bbox 693 1625 819 1692; x_wconf 81' lang='lat' dir='ltr'><strong>fructus</strong></span> <span class='ocrx_word' id='word_1_94' title='bbox 835 1625 961 1710; x_wconf 88' lang='lat' dir='ltr'><strong>sperati</strong></span> <span class='ocrx_word' id='word_1_95' title='bbox 977 1623 1160 1710; x_wconf 85' lang='lat' dir='ltr'><strong>prodeant,</strong></span> <span class='ocrx_word' id='word_1_96' title='bbox 1178 1627 1210 1689; x_wconf 90' lang='lat' dir='ltr'><strong>et</strong></span> 
     </span>
     <span class='ocr_line' id='line_1_13' title="bbox 79 1730 1210 1817; baseline -0.003 -18"><span class='ocrx_word' id='word_1_97' title='bbox 79 1730 315 1800; x_wconf 83' lang='lat' dir='ltr'><strong>sollicitudinis</strong></span> <span class='ocrx_word' id='word_1_98' title='bbox 330 1739 386 1799; x_wconf 88' lang='lat' dir='ltr'><strong>tue</strong></span> <span class='ocrx_word' id='word_1_99' title='bbox 402 1730 620 1800; x_wconf 87' lang='lat' dir='ltr'><strong>ministerium</strong></span> <span class='ocrx_word' id='word_1_100' title='bbox 637 1751 729 1816; x_wconf 86' lang='lat' dir='ltr'><strong>eam,</strong></span> <span class='ocrx_word' id='word_1_101' title='bbox 756 1752 817 1816; x_wconf 90' lang='lat' dir='ltr'><strong>que</strong></span> <span class='ocrx_word' id='word_1_102' title='bbox 843 1732 917 1817; x_wconf 88' lang='lat' dir='ltr'><strong>pies</strong></span> <span class='ocrx_word' id='word_1_103' title='bbox 934 1751 1052 1800; x_wconf 88' lang='lat' dir='ltr'><strong>causas</strong></span> <span class='ocrx_word' id='word_1_104' title='bbox 1069 1731 1210 1817; x_wconf 84' lang='lat' dir='ltr'><strong>gerenti·</strong></span> 
     </span>
     <span class='ocr_line' id='line_1_14' title="bbox 79 1839 1210 1926; baseline 0.001 -20"><span class='ocrx_word' id='word_1_105' title='bbox 79 1841 143 1907; x_wconf 89' lang='lat' dir='ltr'><strong>bus</strong></span> <span class='ocrx_word' id='word_1_106' title='bbox 159 1856 219 1926; x_wconf 88' lang='lat' dir='ltr'><strong>pro</strong></span> <span class='ocrx_word' id='word_1_107' title='bbox 234 1840 452 1908; x_wconf 86' lang='lat' dir='ltr'><strong>retributione</strong></span> <span class='ocrx_word' id='word_1_108' title='bbox 467 1839 683 1926; x_wconf 84' lang='lat' dir='ltr'><strong>impenditur,</strong></span> <span class='ocrx_word' id='word_1_109' title='bbox 708 1841 852 1925; x_wconf 84' lang='lat' dir='ltr'><strong>palmam</strong></span> <span class='ocrx_word' id='word_1_110' title='bbox 870 1840 974 1923; x_wconf 81' lang='lat' dir='ltr'><strong>glorie</strong></span> <span class='ocrx_word' id='word_1_111' title='bbox 989 1839 1131 1907; x_wconf 86' lang='lat' dir='ltr'><strong>feliciter</strong></span> <span class='ocrx_word' id='word_1_112' title='bbox 1145 1859 1210 1907; x_wconf 87' lang='lat' dir='ltr'><strong>me·</strong></span> 
     </span>
     <span class='ocr_line' id='line_1_15' title="bbox 79 1945 1212 2017; baseline -0.004 0"><span class='ocrx_word' id='word_1_113' title='bbox 79 1957 201 2017; x_wconf 74' lang='lat' dir='ltr'><strong>ceatur.</strong></span> <span class='ocrx_word' id='word_1_114' title='bbox 226 1949 351 2015; x_wconf 91' lang='lat' dir='ltr'><strong>Datnm</strong></span> <span class='ocrx_word' id='word_1_115' title='bbox 375 1947 513 2014; x_wconf 84' lang='lat' dir='ltr'><strong>viterbii</strong></span> <span class='ocrx_word' id='word_1_116' title='bbox 537 1948 580 2014; x_wconf 90' lang='lat' dir='ltr'><strong>X.</strong></span> <span class='ocrx_word' id='word_1_117' title='bbox 607 1947 778 2015; x_wconf 77' lang='lat' dir='ltr'><strong>Kalendas</strong></span> <span class='ocrx_word' id='word_1_118' title='bbox 805 1946 969 2016; x_wconf 88' lang='lat' dir='ltr'><strong>Octobris.</strong></span> <span class='ocrx_word' id='word_1_119' title='bbox 999 1945 1212 2014; x_wconf 85' lang='lat' dir='ltr'><strong>Pontificatus</strong></span> 
     </span>
     <span class='ocr_line' id='line_1_16' title="bbox 81 2056 422 2152; baseline -0.012 -28"><span class='ocrx_word' id='word_1_120' title='bbox 81 2057 186 2126; x_wconf 89' lang='lat' dir='ltr'><strong>nostri</strong></span> <span class='ocrx_word' id='word_1_121' title='bbox 202 2076 288 2125; x_wconf 91' lang='lat' dir='ltr'><strong>anno</strong></span> <span class='ocrx_word' id='word_1_122' title='bbox 305 2056 422 2152; x_wconf 90' lang='lat' dir='ltr'><strong>primo.</strong></span> 
     </span>
    </p>
   </div>
   <div class='ocr_carea' id='block_1_3' title="bbox 82 2248 1216 2416">
    <p class='ocr_par' dir='ltr' id='par_1_3' title="bbox 82 2248 1216 2416">
     <span class='ocr_line' id='line_1_17' title="bbox 82 2248 1216 2327; baseline 0.001 -19"><span class='ocrx_word' id='word_1_123' title='bbox 82 2252 143 2327; x_wconf 85' lang='grc' dir='ltr'>(ΠΙ.</span> <span class='ocrx_word' id='word_1_124' title='bbox 156 2253 263 2309; x_wconf 82' lang='lat' dir='ltr'><strong>Miklds</strong></span> <span class='ocrx_word' id='word_1_125' title='bbox 276 2249 355 2324; x_wconf 75' lang='lat' dir='ltr'><strong>pdpa</strong></span> <span class='ocrx_word' id='word_1_126' title='bbox 366 2248 557 2324; x_wconf 79' lang='lat' dir='ltr'><strong>Regestslibol</strong></span> <span class='ocrx_word' id='word_1_127' title='bbox 569 2249 697 2308; x_wconf 81' lang='lat' dir='ltr'><strong>&#39;lbeinar</strong></span> <span class='ocrx_word' id='word_1_128' title='bbox 709 2251 748 2306; x_wconf 88' lang='lat' dir='ltr'><strong>id.</strong></span> <span class='ocrx_word' id='word_1_129' title='bbox 762 2268 798 2306; x_wconf 92' lang='lat' dir='ltr'><strong>m.</strong></span> <span class='ocrx_word' id='word_1_130' title='bbox 813 2250 835 2306; x_wconf 92' lang='lat'><strong>1.</strong></span> <span class='ocrx_word' id='word_1_131' title='bbox 848 2251 877 2306; x_wconf 84' lang='lat' dir='ltr'><strong>k.</strong></span> <span class='ocrx_word' id='word_1_132' title='bbox 893 2252 956 2308; x_wconf 78' lang='lat'><strong>327.</strong></span> <span class='ocrx_word' id='word_1_133' title='bbox 969 2250 988 2306; x_wconf 93' lang='lat' dir='ltr'><strong>l.</strong></span> <span class='ocrx_word' id='word_1_134' title='bbox 1008 2251 1088 2308; x_wconf 82' lang='lat' dir='ltr'><strong>Eaen</strong></span> <span class='ocrx_word' id='word_1_135' title='bbox 1101 2249 1216 2309; x_wconf 76' lang='lat' dir='ltr'><strong>oklevdl</strong></span> 
     </span>
     <span class='ocr_line' id='line_1_18' title="bbox 146 2340 1150 2416; baseline -0.001 -17"><span class='ocrx_word' id='word_1_136' title='bbox 146 2343 230 2402; x_wconf 81' lang='lat' dir='ltr'><strong>rdrid</strong></span> <span class='ocrx_word' id='word_1_137' title='bbox 242 2344 385 2402; x_wconf 76' lang='lat' dir='ltr'><strong>lirenata</strong></span> <span class='ocrx_word' id='word_1_138' title='bbox 396 2341 545 2402; x_wconf 80' lang='lat' dir='ltr'><strong>taltltutik</strong></span> <span class='ocrx_word' id='word_1_139' title='bbox 557 2341 693 2416; x_wconf 75' lang='lat' dir='ltr'><strong>Fejerndl</strong></span> <span class='ocrx_word' id='word_1_140' title='bbox 705 2341 775 2400; x_wconf 83' lang='lat' dir='ltr'><strong>Cod.</strong></span> <span class='ocrx_word' id='word_1_141' title='bbox 788 2343 869 2416; x_wconf 90' lang='lat' dir='ltr'><strong>Dipl.</strong></span> <span class='ocrx_word' id='word_1_142' title='bbox 881 2341 916 2398; x_wconf 88' lang='lat' dir='ltr'><strong>V.</strong></span> <span class='ocrx_word' id='word_1_143' title='bbox 931 2342 960 2400; x_wconf 84' lang='lat' dir='ltr'><strong>k.</strong></span> <span class='ocrx_word' id='word_1_144' title='bbox 974 2341 993 2397; x_wconf 92' lang='lat' dir='ltr'><strong>l.</strong></span> <span class='ocrx_word' id='word_1_145' title='bbox 1007 2361 1030 2398; x_wconf 86' lang='lat' dir='ltr'><strong>r.</strong></span> <span class='ocrx_word' id='word_1_146' title='bbox 1042 2341 1106 2400; x_wconf 77' lang='grc'><strong>485.</strong></span> <span class='ocrx_word' id='word_1_147' title='bbox 1118 2340 1150 2412; x_wconf 92' lang='lat' dir='ltr'><strong>l.)</strong></span> 
     </span>
    </p>
   </div>
   <div class='ocr_carea' id='block_1_4' title="bbox 530 2651 787 2668">
    <p class='ocr_par' dir='ltr' id='par_1_4' title="bbox 530 2651 787 2668">
     <span class='ocr_line' id='line_1_19' title="bbox 530 2651 787 2668; baseline -0.016 -1"><span class='ocrx_word' id='word_1_148' title='bbox 530 2651 787 2668; x_wconf 56' lang='lat' dir='ltr'><strong>w·—</strong></span> 
     </span>
    </p>
   </div>
   <div class='ocr_carea' id='block_1_5' title="bbox 627 3213 685 3280">
    <p class='ocr_par' dir='ltr' id='par_1_5' title="bbox 627 3213 685 3280">
     <span class='ocr_line' id='line_1_20' title="bbox 627 3213 685 3280; baseline 0.052 -3"><span class='ocrx_word' id='word_1_149' title='bbox 627 3213 685 3280; x_wconf 74' lang='grc'><strong>59.</strong></span> 
     </span>
    </p>
   </div>
   <div class='ocr_carea' id='block_1_6' title="bbox 209 3395 1118 3499">
    <p class='ocr_par' dir='ltr' id='par_1_6' title="bbox 209 3395 1118 3499">
     <span class='ocr_line' id='line_1_21' title="bbox 209 3395 1118 3499; baseline -0.017 -20"><span class='ocrx_word' id='word_1_150' title='bbox 209 3409 245 3499; x_wconf 86' lang='grc'><strong>2)</strong></span> <span class='ocrx_word' id='word_1_151' title='bbox 260 3409 290 3479; x_wconf 79' lang='lat' dir='ltr'><em>A</em></span> <span class='ocrx_word' id='word_1_152' title='bbox 301 3405 682 3499; x_wconf 65' lang='lat' dir='ltr'><strong>pdpalltldpbtRudclf</strong></span> <span class='ocrx_word' id='word_1_153' title='bbox 692 3395 1118 3490; x_wconf 66' lang='lat' dir='ltr'><strong>rdmac&#39;lcirdlyrrokojdmlp‘o.</strong></span> 
     </span>
    </p>
   </div>
   <div class='ocr_carea' id='block_1_7' title="bbox 42 3591 1256 4904">
    <p class='ocr_par' dir='ltr' id='par_1_7' title="bbox 42 3591 1256 4904">
     <span class='ocr_line' id='line_1_22' title="bbox 202 3591 1225 3694; baseline -0.021 -16"><span class='ocrx_word' id='word_1_154' title='bbox 202 3609 364 3678; x_wconf 85' lang='lat' dir='ltr'><strong>Nicolaus</strong></span> <span class='ocrx_word' id='word_1_155' title='bbox 380 3608 577 3694; x_wconf 80' lang='lat' dir='ltr'><strong>Episcopus,</strong></span> <span class='ocrx_word' id='word_1_156' title='bbox 600 3625 716 3673; x_wconf 85' lang='lat' dir='ltr'><strong>seruus</strong></span> <span class='ocrx_word' id='word_1_157' title='bbox 742 3623 908 3672; x_wconf 90' lang='lat' dir='ltr'><strong>seruorum</strong></span> <span class='ocrx_word' id='word_1_158' title='bbox 925 3599 989 3669; x_wconf 90' lang='lat' dir='ltr'><strong>Dei</strong></span> <span class='ocrx_word' id='word_1_159' title='bbox 1005 3593 1175 3664; x_wconf 89' lang='lat' dir='ltr'><strong>carissimo</strong></span> <span class='ocrx_word' id='word_1_160' title='bbox 1190 3591 1225 3658; x_wconf 92' lang='lat' dir='ltr'><strong>in</strong></span> 
     </span>
     <span class='ocr_line' id='line_1_23' title="bbox 91 3705 1227 3804; baseline -0.021 -16"><span class='ocrx_word' id='word_1_161' title='bbox 91 3717 226 3788; x_wconf 85' lang='lat' dir='ltr'><strong>Christo</strong></span> <span class='ocrx_word' id='word_1_162' title='bbox 242 3717 310 3786; x_wconf 90' lang='lat' dir='ltr'><strong>lilio</strong></span> <span class='ocrx_word' id='word_1_163' title='bbox 326 3715 531 3804; x_wconf 85' lang='lat' dir='ltr'><strong>R(udolpho)</strong></span> <span class='ocrx_word' id='word_1_164' title='bbox 559 3717 640 3799; x_wconf 84' lang='lat' dir='ltr'><strong>Regi</strong></span> <span class='ocrx_word' id='word_1_165' title='bbox 657 3715 877 3782; x_wconf 86' lang='lat' dir='ltr'><strong>Romanorum</strong></span> <span class='ocrx_word' id='word_1_166' title='bbox 893 3707 1018 3778; x_wconf 89' lang='lat' dir='ltr'><strong>lllustri</strong></span> <span class='ocrx_word' id='word_1_167' title='bbox 1034 3705 1175 3772; x_wconf 88' lang='lat' dir='ltr'><strong>salutem</strong></span> <span class='ocrx_word' id='word_1_168' title='bbox 1194 3705 1227 3766; x_wconf 90' lang='lat' dir='ltr'><strong>et</strong></span> 
     </span>
     <span class='ocr_line' id='line_1_24' title="bbox 89 3807 1228 3915; baseline -0.019 -19"><span class='ocrx_word' id='word_1_169' title='bbox 89 3829 323 3915; x_wconf 76' lang='lat' dir='ltr'><strong>Apostolieam</strong></span> <span class='ocrx_word' id='word_1_170' title='bbox 339 3825 610 3894; x_wconf 81' lang='lat' dir='ltr'><strong>benedictionem.</strong></span> <span class='ocrx_word' id='word_1_171' title='bbox 639 3823 843 3910; x_wconf 89' lang='lat' dir='ltr'><strong>Respieimus</strong></span> <span class='ocrx_word' id='word_1_172' title='bbox 860 3836 1048 3907; x_wconf 84' lang='lat' dir='ltr'><strong>personam,</strong></span> <span class='ocrx_word' id='word_1_173' title='bbox 1064 3811 1155 3879; x_wconf 89' lang='lat' dir='ltr'><strong>cuius</strong></span> <span class='ocrx_word' id='word_1_174' title='bbox 1172 3807 1228 3877; x_wconf 93' lang='lat' dir='ltr'><strong>ob·</strong></span> 
     </span>
     <span class='ocr_line' id='line_1_25' title="bbox 90 3921 1256 4022; baseline -0.02 -16"><span class='ocrx_word' id='word_1_175' title='bbox 90 3947 191 4006; x_wconf 78' lang='lat' dir='ltr'><strong>uentu</strong></span> <span class='ocrx_word' id='word_1_176' title='bbox 215 3937 399 4022; x_wconf 84' lang='lat' dir='ltr'><strong>scribimus,</strong></span> <span class='ocrx_word' id='word_1_177' title='bbox 416 3944 451 4003; x_wconf 93' lang='lat' dir='ltr'><strong>ut</strong></span> <span class='ocrx_word' id='word_1_178' title='bbox 467 3936 555 4022; x_wconf 91' lang='lat' dir='ltr'><strong>apud</strong></span> <span class='ocrx_word' id='word_1_179' title='bbox 572 3941 605 4002; x_wconf 89' lang='lat' dir='ltr'><strong>te</strong></span> <span class='ocrx_word' id='word_1_180' title='bbox 621 3931 834 4001; x_wconf 86' lang='lat' dir='ltr'><strong>honorificum</strong></span> <span class='ocrx_word' id='word_1_181' title='bbox 861 3929 925 3998; x_wconf 91' lang='lat' dir='ltr'><strong>sibi</strong></span> <span class='ocrx_word' id='word_1_182' title='bbox 940 3928 1048 3994; x_wconf 90' lang='lat' dir='ltr'><strong>locum</strong></span> <span class='ocrx_word' id='word_1_183' title='bbox 1065 3921 1227 3988; x_wconf 86' lang='lat' dir='ltr'><strong>interven·</strong></span> <span class='ocrx_word' id='word_1_184' title='bbox 1253 3967 1256 3974; x_wconf 29' lang='lat' dir='ltr'><strong>s</strong></span> 
     </span>
     <span class='ocr_line' id='line_1_26' title="bbox 90 4031 1229 4131; baseline -0.023 -13"><span class='ocrx_word' id='word_1_185' title='bbox 90 4052 140 4118; x_wconf 89' lang='lat' dir='ltr'><strong>tio</strong></span> <span class='ocrx_word' id='word_1_186' title='bbox 159 4053 278 4115; x_wconf 88' lang='lat' dir='ltr'><strong>nostra</strong></span> <span class='ocrx_word' id='word_1_187' title='bbox 294 4045 493 4131; x_wconf 66' lang='lat' dir='ltr'><strong>constituam</strong></span> <span class='ocrx_word' id='word_1_188' title='bbox 519 4063 579 4111; x_wconf 87' lang='lat' dir='ltr'><strong>neo</strong></span> <span class='ocrx_word' id='word_1_189' title='bbox 605 4045 713 4110; x_wconf 91' lang='lat' dir='ltr'><strong>minus</strong></span> <span class='ocrx_word' id='word_1_190' title='bbox 729 4037 947 4122; x_wconf 85' lang='lat' dir='ltr'><strong>attendimus,</strong></span> <span class='ocrx_word' id='word_1_191' title='bbox 964 4039 1000 4102; x_wconf 85' lang='lat' dir='ltr'><strong>ut</strong></span> <span class='ocrx_word' id='word_1_192' title='bbox 1016 4035 1050 4100; x_wconf 92' lang='lat' dir='ltr'><strong>in</strong></span> <span class='ocrx_word' id='word_1_193' title='bbox 1066 4031 1125 4099; x_wconf 91' lang='lat' dir='ltr'><strong>illa</strong></span> <span class='ocrx_word' id='word_1_194' title='bbox 1140 4045 1229 4095; x_wconf 91' lang='lat' dir='ltr'><strong>men·</strong></span> 
     </span>
     <span class='ocr_line' id='line_1_27' title="bbox 88 4143 1230 4240; baseline -0.024 -12"><span class='ocrx_word' id='word_1_195' title='bbox 88 4169 161 4230; x_wconf 90' lang='lat' dir='ltr'><strong>tem</strong></span> <span class='ocrx_word' id='word_1_196' title='bbox 181 4161 327 4224; x_wconf 90' lang='lat' dir='ltr'><strong>nostram</strong></span> <span class='ocrx_word' id='word_1_197' title='bbox 343 4152 552 4240; x_wconf 89' lang='lat' dir='ltr'><strong>conspiciens</strong></span> <span class='ocrx_word' id='word_1_198' title='bbox 562 4203 571 4237; x_wconf 91' lang='lat'><em>‚</em></span> <span class='ocrx_word' id='word_1_199' title='bbox 597 4171 713 4238; x_wconf 89' lang='lat' dir='ltr'><strong>preces</strong></span> <span class='ocrx_word' id='word_1_200' title='bbox 741 4147 951 4237; x_wconf 82' lang='lat' dir='ltr'><strong>Apostolicas</strong></span> <span class='ocrx_word' id='word_1_201' title='bbox 970 4144 1038 4212; x_wconf 90' lang='lat' dir='ltr'><strong>leta</strong></span> <span class='ocrx_word' id='word_1_202' title='bbox 1054 4143 1162 4208; x_wconf 88' lang='lat' dir='ltr'><strong>mente</strong></span> <span class='ocrx_word' id='word_1_203' title='bbox 1178 4153 1230 4204; x_wconf 89' lang='lat' dir='ltr'><strong>su-</strong></span> 
     </span>
     <span class='ocr_line' id='line_1_28' title="bbox 90 4248 1232 4354; baseline -0.026 -17"><span class='ocrx_word' id='word_1_204' title='bbox 90 4268 234 4354; x_wconf 87' lang='lat' dir='ltr'><strong>scipias,</strong></span> <span class='ocrx_word' id='word_1_205' title='bbox 250 4271 367 4353; x_wconf 77' lang='lat' dir='ltr'><strong>gratas</strong></span> <span class='ocrx_word' id='word_1_206' title='bbox 384 4263 417 4329; x_wconf 90' lang='lat' dir='ltr'><strong>in</strong></span> <span class='ocrx_word' id='word_1_207' title='bbox 443 4263 586 4331; x_wconf 88' lang='lat' dir='ltr'><strong>armario</strong></span> <span class='ocrx_word' id='word_1_208' title='bbox 602 4262 648 4328; x_wconf 92' lang='lat' dir='ltr'><strong>tui</strong></span> <span class='ocrx_word' id='word_1_209' title='bbox 665 4261 809 4346; x_wconf 89' lang='lat' dir='ltr'><strong>pectoris</strong></span> <span class='ocrx_word' id='word_1_210' title='bbox 828 4258 1007 4325; x_wconf 85' lang='lat' dir='ltr'><strong>locaturus.</strong></span> <span class='ocrx_word' id='word_1_211' title='bbox 1025 4248 1105 4316; x_wconf 79' lang='lat' dir='ltr'><strong>(lum</strong></span> <span class='ocrx_word' id='word_1_212' title='bbox 1120 4248 1232 4329; x_wconf 88' lang='lat' dir='ltr'><strong>itaque</strong></span> 
     </span>
     <span class='ocr_line' id='line_1_29' title="bbox 88 4354 1233 4454; baseline -0.03 -5"><span class='ocrx_word' id='word_1_213' title='bbox 88 4375 324 4449; x_wconf 84' lang='lat' dir='ltr'><strong>venerabilem</strong></span> <span class='ocrx_word' id='word_1_214' title='bbox 340 4371 474 4440; x_wconf 78' lang='lat' dir='ltr'><strong>tratrem</strong></span> <span class='ocrx_word' id='word_1_215' title='bbox 490 4375 654 4452; x_wconf 89' lang='lat' dir='ltr'><strong>nostrum,</strong></span> <span class='ocrx_word' id='word_1_216' title='bbox 681 4367 865 4454; x_wconf 90' lang='lat' dir='ltr'><strong>Philippum</strong></span> <span class='ocrx_word' id='word_1_217' title='bbox 890 4362 1090 4449; x_wconf 80' lang='lat' dir='ltr'><strong>Episcopum</strong></span> <span class='ocrx_word' id='word_1_218' title='bbox 1106 4354 1233 4420; x_wconf 81' lang='lat' dir='ltr'><strong>Firma·</strong></span> 
     </span>
     <span class='ocr_line' id='line_1_30' title="bbox 88 4462 1232 4572; baseline -0.031 -13"><span class='ocrx_word' id='word_1_219' title='bbox 88 4510 175 4558; x_wconf 92' lang='lat' dir='ltr'><strong>nnm</strong></span> <span class='ocrx_word' id='word_1_220' title='bbox 193 4483 388 4572; x_wconf 82' lang='lat' dir='ltr'><strong>Apostolice</strong></span> <span class='ocrx_word' id='word_1_221' title='bbox 404 4482 501 4552; x_wconf 83' lang='lat' dir='ltr'><strong>Sedis</strong></span> <span class='ocrx_word' id='word_1_222' title='bbox 519 4478 680 4565; x_wconf 83' lang='lat' dir='ltr'><strong>Legat-nm</strong></span> <span class='ocrx_word' id='word_1_223' title='bbox 695 4477 740 4546; x_wconf 85' lang='lat' dir='ltr'><strong>ad</strong></span> <span class='ocrx_word' id='word_1_224' title='bbox 754 4473 913 4562; x_wconf 86' lang='lat' dir='ltr'><strong>Ungaris,</strong></span> <span class='ocrx_word' id='word_1_225' title='bbox 927 4469 1075 4550; x_wconf 90' lang='lat' dir='ltr'><strong>Polonie‚</strong></span> <span class='ocrx_word' id='word_1_226' title='bbox 1091 4462 1232 4528; x_wconf 89' lang='lat' dir='ltr'><strong>Dalma-</strong></span> 
     </span>
     <span class='ocr_line' id='line_1_31' title="bbox 86 4565 1233 4690; baseline -0.036 -20"><span class='ocrx_word' id='word_1_227' title='bbox 86 4605 157 4685; x_wconf 80' lang='lat' dir='ltr'><strong>tis,</strong></span> <span class='ocrx_word' id='word_1_228' title='bbox 177 4593 317 4665; x_wconf 72' lang='lat' dir='ltr'><strong>croatie</strong></span> <span class='ocrx_word' id='word_1_229' title='bbox 327 4643 336 4680; x_wconf 88' lang='lat'>,</span> <span class='ocrx_word' id='word_1_230' title='bbox 353 4592 476 4679; x_wconf 81' lang='lat' dir='ltr'><strong>Reme,</strong></span> <span class='ocrx_word' id='word_1_231' title='bbox 494 4589 609 4658; x_wconf 80' lang='lat' dir='ltr'><strong>Servis</strong></span> <span class='ocrx_word' id='word_1_232' title='bbox 619 4639 627 4674; x_wconf 91' lang='lat'><em>,</em></span> <span class='ocrx_word' id='word_1_233' title='bbox 644 4583 837 4656; x_wconf 89' lang='lat' dir='ltr'><strong>Lodomerie</strong></span> <span class='ocrx_word' id='word_1_234' title='bbox 846 4632 856 4669; x_wconf 90' lang='lat'>‚</span> <span class='ocrx_word' id='word_1_235' title='bbox 873 4577 1009 4648; x_wconf 75' lang='lat' dir='ltr'><strong>Gallitie</strong></span> <span class='ocrx_word' id='word_1_236' title='bbox 1026 4578 1058 4640; x_wconf 88' lang='lat' dir='ltr'><strong>et</strong></span> <span class='ocrx_word' id='word_1_237' title='bbox 1074 4565 1233 4690; x_wconf 75' lang='lat' dir='ltr'><strong>Cumania</strong></span> 
     </span>
     <span class='ocr_line' id='line_1_32' title="bbox 85 4681 1233 4807; baseline -0.041 -27"><span class='ocrx_word' id='word_1_238' title='bbox 85 4717 236 4807; x_wconf 85' lang='lat' dir='ltr'><strong>partes,</strong></span> <span class='ocrx_word' id='word_1_239' title='bbox 257 4723 318 4792; x_wconf 91' lang='lat' dir='ltr'><strong>pro</strong></span> <span class='ocrx_word' id='word_1_240' title='bbox 334 4707 422 4771; x_wconf 87' lang='lat' dir='ltr'><strong>statu</strong></span> <span class='ocrx_word' id='word_1_241' title='bbox 438 4695 577 4789; x_wconf 80' lang='lat' dir='ltr'><strong>pacifico</strong></span> <span class='ocrx_word' id='word_1_242' title='bbox 593 4695 755 4765; x_wconf 80' lang='lat' dir='ltr'><strong>carissimi</strong></span> <span class='ocrx_word' id='word_1_243' title='bbox 770 4692 805 4760; x_wconf 93' lang='lat' dir='ltr'><strong>in</strong></span> <span class='ocrx_word' id='word_1_244' title='bbox 822 4687 954 4760; x_wconf 77' lang='lat' dir='ltr'><strong>Christo</strong></span> <span class='ocrx_word' id='word_1_245' title='bbox 971 4682 1029 4751; x_wconf 85' lang='lat' dir='ltr'><strong>lilii</strong></span> <span class='ocrx_word' id='word_1_246' title='bbox 1046 4681 1151 4744; x_wconf 74' lang='lat' dir='ltr'><strong>nostri</strong></span> <span class='ocrx_word' id='word_1_247' title='bbox 1169 4721 1174 4734; x_wconf 94' lang='lat'>.</span> <span class='ocrx_word' id='word_1_248' title='bbox 1198 4719 1205 4734; x_wconf 93' lang='lat'><strong><em>.</em></strong></span> <span class='ocrx_word' id='word_1_249' title='bbox 1224 4713 1233 4735; x_wconf 87' lang='lat'><strong>.</strong></span> 
     </span>
     <span class='ocr_line' id='line_1_33' title="bbox 42 4791 1013 4904; baseline -0.028 -21"><span class='ocrx_word' id='word_1_250' title='bbox 42 4897 44 4904; x_wconf 18' lang='lat' dir='ltr'>y</span> <span class='ocrx_word' id='word_1_251' title='bbox 145 4821 585 4881; x_wconf 69' lang='lat' dir='ltr'><strong>uommd.mt¹l.n11’b.-t.</strong></span> <span class='ocrx_word' id='word_1_252' title='bbox 992 4791 1013 4856; x_wconf 88' lang='grc'>8</span> 
     </span>
    </p>
   </div>
   <div class='ocr_carea' id='block_1_8' title="bbox 0 0 1587 5166">
    <p class='ocr_par' dir='ltr' id='par_1_8' title="bbox 0 0 1587 5166">
     <span class='ocr_line' id='line_1_34' title="bbox 0 0 1587 5166; baseline 0 0"><span class='ocrx_word' id='word_1_253' title='bbox 0 0 1587 5166; x_wconf 95' lang='lat' dir='ltr'><strong> </strong></span> 
     </span>
    </p>
   </div>
  </div>
 </body>
</html>
