3142 5170
807 347 973 446 „aba

328 579 372 589 -
387 577 431 588 —
447 577 490 590 -
506 563 570 626 que
586 542 780 627 Proposito,
799 541 854 626 qni
870 559 930 628 pre
947 547 1094 628 tempore
1121 542 1229 628 luerit,
1256 561 1316 610 seu
1333 543 1457 629 Prepe-

330 651 430 718 sitnre
448 691 488 702 -
505 688 550 698 —
569 689 607 698 -
627 651 804 719 commodis
833 658 990 735 perpetuo
1016 652 1216 735 applicetur,
1235 651 1322 717 sieut
1337 652 1372 716 in
1390 650 1458 736 pri·

332 760 465 847 vilegijs
481 763 605 832 sororis
623 768 735 830 nostre
753 759 948 830 charissime
965 767 1139 844 nostreque
1166 761 1328 828 consortis
1351 760 1458 844 perle-

329 870 416 953 gitur
441 869 635 954 manifeste;
662 875 813 954 petentes
840 867 956 949 ceiam,
982 869 1070 952 quod
1099 877 1171 934 octo
1188 869 1379 936 mansiones
1397 866 1458 932 vd-

329 979 536 1043 uornieorum
565 985 760 1062 nostrorum,
777 979 832 1060 qui
859 976 983 1040 suntin
1000 977 1118 1042 eadem
1135 977 1215 1042 villa
1230 977 1347 1060 Beren,
1363 975 1459 1041 dare·

331 1103 402 1151 mus
420 1083 525 1150 eidem
542 1085 691 1152 Ecclesia
708 1083 960 1170 Wesprimiensi
972 1091 1087 1152 nostra
1103 1105 1144 1151 ex
1160 1091 1255 1170 parte
1271 1105 1330 1170 pro
1344 1085 1459 1150 anima

329 1193 433 1278 patris
450 1193 562 1258 nostri.
580 1191 718 1258 Demum
731 1212 864 1260 consors
889 1197 1002 1258 nostra
1020 1193 1216 1260 charissima
1234 1192 1368 1259 casdem
1386 1199 1460 1258 oete

330 1301 523 1367 mansiones
541 1321 563 1366 a
577 1299 671 1364 nobis
689 1299 784 1364 titulo
795 1299 1054 1384 permutacionis
1072 1300 1245 1386 accipiens,
1264 1300 1345 1365 data
1360 1298 1460 1362 nobis

336 1407 370 1474 in
387 1409 613 1474 concambium
631 1407 713 1473 villa
730 1426 850 1488 magna
867 1407 981 1472 Ladan
995 1425 1096 1492 prope
1108 1405 1239 1473 fluvium
1256 1407 1342 1472 Saar
1360 1425 1461 1490 supra

331 1517 469 1600 Albam,
496 1523 531 1581 ut
557 1515 706 1602 predicta
727 1515 978 1581 uduornicorum
997 1523 1180 1582 uestrorum
1199 1515 1384 1598 concessio,
1401 1532 1460 1578 sen

332 1622 472 1691 donacio
491 1624 578 1690 sacta
596 1623 747 1690 Ecclesia
775 1623 817 1687 sit
843 1623 975 1688 omnino
992 1623 1135 1688 immota.
1152 1624 1221 1688 Nos
1237 1621 1390 1688 videntes
1406 1619 1461 1685 de·

330 1731 498 1799 necionem
516 1751 628 1798 aarum
639 1780 648 1814 ,
665 1731 790 1814 talique
807 1749 866 1814 pro
885 1725 1079 1795 concambio
1102 1727 1208 1796 dietas
1225 1735 1298 1794 octo
1318 1729 1461 1794 mansio

333 1857 392 1906 nes
408 1837 659 1906 uduornicorum
677 1839 781 1904 eidem
799 1841 912 1904 nostre
930 1837 1075 1902 consorti
1099 1836 1343 1918 concessimus,
1359 1835 1460 1901 dona-

332 1945 527 2030 cionemque
542 1943 621 2011 ville
639 1945 746 2012 Beren
763 1945 886 2012 Sancte
902 1944 1053 2012 Ecclesia
1070 1943 1318 2030 wesprimiensi
1335 1943 1460 2010 saetam

330 2073 485 2120 unacum
504 2052 571 2120 illis
589 2059 660 2118 octo
686 2048 912 2118 mansionibus
935 2051 1187 2118 uduornicorum
1203 2057 1391 2117 nostrorum
1410 2071 1459 2115 ra-

332 2170 398 2227 tam
416 2161 589 2228 habuimus
605 2181 664 2248 per
682 2161 801 2245 omnia,
818 2169 918 2242 atque
942 2167 1071 2242 gratam
1122 2167 1376 2246 presentemque
1404 2159 1459 2225 do-

332 2269 503 2336 nacionem
514 2319 524 2354 ,
551 2289 608 2336 seu
633 2271 833 2336 donaciones
859 2267 1055 2351 antedictas,
1073 2269 1178 2334 nostri
1195 2268 1294 2352 sigilli
1312 2267 1456 2354 duplicis

332 2375 535 2462 appensione
560 2379 714 2443 munitam
741 2375 941 2462 privilegiali
967 2375 1088 2443 firmius
1118 2377 1270 2442 firmitate
1302 2378 1457 2442 duximus

331 2491 489 2570 perpetuo
505 2485 737 2551 roborandam.
750 2485 869 2551 Datum
883 2504 941 2571 per·
953 2503 1067 2549 manus
1077 2485 1225 2568 Magistri
1237 2485 1273 2550 B.
1293 2485 1459 2570 Prepesiti

331 2593 558 2680 Seepusiensis
569 2642 579 2678 ,
600 2593 674 2658 aule
700 2599 809 2658 nostre
835 2591 1150 2677 Vico-Cancellarij,
1168 2593 1281 2659 dilecti
1300 2601 1333 2661 et
1350 2592 1459 2660 fidelis

330 2702 443 2786 nostri,
470 2720 556 2767 anno
583 2700 714 2768 Domini
730 2699 781 2766 Μο
796 2695 862 2768 00⁰
878 2702 1102 2784 octoagesimo
1128 2705 1238 2788 tercio,
1266 2709 1383 2786 quarto
1400 2704 1459 2768 ka·

330 2811 448 2876 landas
465 2807 672 2891 Decembris,
688 2809 791 2893 Regni
809 2817 921 2876 autem
938 2809 1042 2877 nestri
1059 2830 1144 2877 anno
1162 2810 1348 2878 undecimo.

331 3003 454 3074 (Robert
464 3003 574 3074 Kdroly
588 3002 698 3060 raaudi
710 3001 883 3076 megarb'sitb'
896 3002 1099 3076 olrmdnydbdl,
1110 3007 1187 3078 mely
1199 3007 1335 3063 briztetilr
1351 3025 1369 3062 a
1381 3025 1461 3064 vesa-

654 3091 746 3165 premi
758 3093 896 3166 kdptalau
910 3092 1136 3168 levdltdrdban.)
