3142 5164
135 1120 200 1190 m.
215 1119 340 1188 Mittor
350 1123 441 1209 pdpu
465 1143 487 1186 a
509 1123 769 1210 mapparorrzdpu'
786 1121 1051 1211 fcrcucarcodiclc
1065 1126 1266 1212 aromap-

129 1227 307 1313 succurat
321 1229 504 1318 mephapyo,
528 1228 609 1318 kopp
628 1230 951 1317 ndidnpszcrzctbclit
966 1231 1186 1299 tirtcrttttnct
1206 1231 1267 1300 Ou-

363 1337 513 1403 rndnidba
529 1359 551 1402 a
566 1338 752 1406 totdrolcicoz
767 1337 911 1426 kaurjos.
933 1341 1032 1406 1278.

242 1534 401 1604 Nicolaus
427 1534 611 1621 Episcopus
635 1555 751 1608 seruus
768 1555 934 1606 seruorum
961 1536 1025 1606 Dei
1048 1537 1171 1608 dilecto
1197 1537 1262 1608 tilio

134 1687 166 1706 ..
183 1689 191 1706 .
208 1641 358 1710 Ministro
373 1643 576 1711 Prouinciaii
593 1641 724 1712 Ordinis
741 1643 877 1712 fratrum
893 1645 1054 1713 Minorum
1070 1648 1177 1734 Regni
1193 1645 1263 1716 Un-

130 1750 222 1834 garic
239 1752 379 1818 salutem
396 1757 429 1820 et
444 1751 670 1839 Apostolicaur
687 1753 964 1823 benedictionem.
982 1755 1033 1822 Ex
1048 1756 1114 1823 tuis
1131 1765 1165 1824 et
1181 1759 1263 1826 clio·
1382 1805 1386 1812 -

133 1880 201 1927 rum
225 1859 363 1929 fratrum
389 1861 437 1931 tui
463 1859 599 1931 Ordinis
625 1863 723 1930 claris
749 1863 906 1950 operibus
922 1865 1139 1950 fragrantiam
1154 1869 1262 1935 suum·

134 1968 214 2036 tatis
230 1969 438 2054 assumimus,
457 1977 490 2038 et
506 1969 606 2055 digne
623 1989 806 2058 speramus,
823 1971 911 2056 quod
927 1970 1050 2040 adhoc
1074 1973 1263 2060 principaii·

130 2085 181 2144 ter
206 2083 320 2146 uestra
344 2077 485 2145 desudet
509 2077 669 2164 intentio,
697 2085 733 2146 ut
750 2078 968 2149 lucrifaciatis
985 2080 1115 2149 Christo
1131 2083 1261 2150 animas

130 2186 233 2254 uerbo
256 2189 385 2275 pariter
409 2194 444 2254 et
469 2187 630 2274 exemplo.
656 2187 765 2267 Quare
791 2189 833 2256 dc
861 2195 894 2256 tc
919 2189 1053 2277 plenam
1069 2189 1105 2257 iu
1120 2190 1262 2259 Domino

129 2293 287 2362 fiduciam
315 2294 522 2382 obtinentes,
547 2296 741 2364 discretioni
771 2304 827 2364 tus
852 2299 1050 2384 presentium
1065 2301 1262 2367 auctoritate

129 2405 378 2490 committimus,
404 2412 440 2470 ut
465 2403 586 2472 iratres
602 2403 750 2473 eiusdem
766 2405 921 2488 Ordinis,
939 2423 1021 2489 quos
1036 2405 1082 2474 ad
1098 2407 1159 2473 troc
1173 2406 1260 2492 ydo-

128 2533 212 2582 nccs
229 2533 306 2582 csse
322 2515 528 2600 cognoveris,
547 2513 589 2581 de
607 2515 747 2582 oonsilio
764 2516 945 2600 aliquorum
963 2514 1178 2584 discretorum
1195 2515 1259 2581 ira

127 2627 213 2690 trum
238 2627 293 2691 tue
317 2621 487 2710 provincie
503 2621 547 2690 ad
564 2623 753 2708 Onmanos,
770 2624 825 2707 qui
842 2623 886 2691 ad
901 2623 1142 2709 suscipiendam
1159 2620 1259 2692 fidem

126 2731 337 2800 Catholiccm
363 2729 516 2819 dispositi
535 2751 610 2801 esse
626 2732 797 2819 ridentur,
817 2735 1040 2800 transmittere
1065 2731 1204 2818 valeas,
1222 2741 1259 2799 nt

126 2838 176 2908 eis
202 2838 377 2925 predicent
403 2841 538 2908 verbum
564 2839 647 2925 Dei,
674 2841 731 2908 tibi
756 2848 790 2908 et
808 2861 868 2928 per
884 2849 917 2909 te
933 2840 1091 2908 fratribus
1108 2840 1186 2927 illis,
1203 2841 1260 2926 qui

123 2947 193 3013 iam
219 2947 313 3015 missi
339 2955 418 3015 suut
442 2947 539 3033 illuc,
565 2949 619 3016 rei
644 2969 726 3034 quos
742 2956 875 3037 propter
889 2949 957 3016 hoc
971 2949 1057 3017 mitti
1073 2949 1257 3036 contigerit,

125 3055 361 3124 nichilominus
386 3056 631 3142 concedentes,
656 3065 692 3124 ut
707 3059 804 3145 illos,
830 3062 885 3144 qui
901 3058 945 3126 ad
961 3057 1061 3126 fidem
1076 3057 1258 3143 predictam

124 3167 276 3233 converti
290 3165 473 3252 voluerint,
498 3167 627 3253 possint
652 3167 745 3236 iuxta
760 3168 880 3252 ritum,
896 3186 991 3250 quem
1007 3165 1042 3232 in
1056 3165 1179 3233 talibus
1194 3167 1259 3234 Ro·

122 3295 229 3342 muna
254 3274 410 3343 observat
433 3275 608 3360 Ecclesia,
634 3274 815 3362 baptizare.
842 3275 965 3342 Datum
992 3272 1129 3342 Viterbii
1153 3275 1259 3342 Nonis

124 3381 292 3452 Octobris.
309 3379 541 3470 (Pontificatus
558 3381 678 3472 nostri)
695 3404 782 3453 anno
797 3385 915 3471 primo.

226 3580 289 3654 (ru
303 3579 410 3638 Mikros
422 3578 502 3655 pdpa
513 3579 713 3654 Regesttibdl,
727 3580 855 3640 Thsiucr
867 3579 906 3636 id.
921 3597 958 3636 m.
972 3579 994 3638 1.
1009 3577 1037 3637 k
1051 3577 1113 3636 337.
1125 3576 1158 3650 l.)
