3146 5146
819 375 837 380 -
880 279 938 380 ¹8-
951 373 975 382 ..

341 481 465 558 rerunt,
482 475 648 559 edicere,
665 497 727 561 que
744 485 859 548 contra
869 479 974 548 Deum
991 481 1225 568 etreliglonem
1236 482 1449 552 christianam

341 583 470 668 publice
486 585 601 652 fiunta
618 587 713 654 laicis
734 589 789 656 illo
805 609 914 674 anno,
937 591 990 658 vel
1006 591 1111 658 eciam
1127 610 1190 674 que
1206 591 1296 660 fama
1311 598 1450 675 accusat,

343 697 459 761 contra
484 713 579 777 quam
605 695 656 761 uel
683 715 824 782 purgare
849 717 886 766 aa
910 698 1069 784 contingit
1094 707 1288 784 accusatos,
1315 702 1368 768 rel
1393 719 1451 766 non

341 808 519 890 purgantes
535 822 582 888 se,
600 804 792 872 canonicam
809 805 986 874 secuudum
1003 813 1089 874 terre
1115 807 1382 876 consuetudinem
1393 827 1452 874 uon

341 911 484 981 euadere
500 911 666 981 ultionem.
692 915 729 980 In
744 915 820 982 aliia
845 933 922 983 vero
949 915 1143 984 Diocesibus
1159 918 1221 986 hoc
1236 915 1305 986 fieri
1320 937 1383 984 non
1401 917 1451 982 cb·

341 1019 423 1088 tinet
437 1020 640 1090 consuetudo
659 1047 666 1086 :
684 1020 769 1089 unde
784 1021 942 1090 laieorum
968 1024 1118 1109 impuniti
1134 1031 1266 1091 manent
1291 1041 1452 1109 excessus,

342 1129 371 1196 si
386 1128 453 1198 sint
468 1129 573 1195 eciam
590 1129 766 1196 manifesti.
793 1130 829 1198 Si
854 1149 932 1199 uero
957 1132 1115 1200 sacerdos
1140 1131 1225 1200 tales
1241 1131 1378 1200 forsitan
1402 1153 1453 1200 so·

341 1237 437 1304 luerit
452 1237 486 1304 in
503 1257 563 1304 sua
578 1237 737 1322 parochia
753 1257 920 1323 accusare,
938 1239 1123 1324 frequenter
1149 1259 1190 1306 ex
1206 1239 1360 1309 cosentit
1375 1239 1453 1325 peri·

343 1346 448 1413 culum
462 1343 528 1412 uite
541 1363 609 1412 sue.
636 1342 811 1414 Prcuidcat
820 1365 898 1431 ergo
915 1347 1080 1416 Sanctitas
1099 1346 1228 1432 Vestra,
1243 1347 1272 1416 si
1288 1345 1408 1434 placet,
1423 1351 1454 1412 ct

343 1451 604 1524 Christianitatis
619 1451 773 1540 Synodus
788 1459 937 1522 servetur
947 1455 1067 1540 ubique
1083 1476 1141 1542 pro
1158 1455 1388 1526 conservanda
1402 1455 1453 1522 hc·

342 1569 472 1630 nestate
487 1563 601 1648 populi
612 1561 801 1646 Christiani,
812 1582 884 1630 cum
895 1564 981 1632 idem
991 1562 1151 1650 deposcat
1165 1565 1346 1632 auctoritas
1361 1581 1453 1632 cusu·

342 1671 460 1758 gelica,
478 1671 511 1737 in
527 1688 594 1756 qua
609 1669 751 1737 dieitur:
777 1671 858 1756 „Dio
885 1670 1069 1752 Ecclesie“,
1093 1671 1180 1756 quod
1205 1672 1287 1740 talia
1311 1670 1455 1740 Ecclesie

343 1789 419 1849 sunt
435 1779 588 1848 dicenda.
868 1773 873 1784 '

448 1889 531 1956 Sunt
540 1889 643 1956 eciam
655 1887 787 1974 quidam
797 1893 831 1954 et
840 1888 981 1972 quedam
992 1887 1080 1974 apud
1089 1907 1149 1956 nos
1158 1887 1384 1974 religiosorum
1396 1887 1455 1956 sibi

343 1994 491 2065 habitum
519 2004 552 2063 et
576 1997 707 2064 nomina
733 1997 968 2080 vendicantes,
994 2015 1077 2080 quos
1101 2003 1134 2064 et
1150 2015 1241 2080 quas,
1258 2016 1331 2064 cum
1348 2015 1456 2064 eorum

344 2125 409 2172 non
425 2105 468 2176 sit
482 2105 598 2190 religio
614 2123 673 2188 per
689 2103 808 2172 Sedem
834 2103 1062 2192 Apostolicam
1079 2102 1280 2188 confirmata,
1297 2110 1458 2172 sectarum

345 2215 474 2282 ucmine
489 2213 654 2282 credimus
670 2211 911 2298 comprehendi,
923 2213 978 2296 qui
988 2213 1123 2298 passim,
1140 2221 1176 2281 ut
1192 2214 1302 2300 iugum
1317 2213 1459 2282 eradant

345 2322 548 2404 obediencie,
564 2321 724 2390 habentes
735 2321 884 2390 velamen
900 2321 1030 2388 malicie
1049 2320 1254 2405 libertatem,
1270 2321 1366 2405 quasi
1381 2321 1457 2388 lihe-

344 2433 412 2499 rius
428 2431 568 2500 Domino
584 2429 743 2514 servituri,
760 2431 912 2501 dominos
937 2437 971 2498 et
995 2430 1144 2498 dominas
1162 2428 1284 2500 hahere
1300 2431 1458 2512 nolentes,

345 2542 497 2627 ingentes
512 2542 618 2611 eciam
634 2539 852 2610 obedientiam
870 2539 1101 2624 {sacerdotum
1126 2560 1185 2608 seu
1210 2541 1314 2608 eciam
1330 2539 1459 2610 cohabi-

345 2651 507 2719 tacionem
523 2651 666 2736 coniugii
676 2649 844 2734 maritalis,
856 2657 889 2716 et
898 2668 957 2735 per
972 2648 1111 2733 aliquem
1127 2649 1273 2718 ordinem
1291 2669 1329 2718 sc
1345 2647 1457 2717 astrin-

345 2761 380 2847 gi
396 2784 404 2824 :
421 2759 540 2828 femine
555 2760 690 2828 iuvenes
707 2761 844 2826 instato
871 2757 1041 2825 viduitatis
1066 2766 1259 2844 seponunt,
1276 2759 1385 2826 illecto
1400 2759 1463 2826 for-

346 2869 434 2938 sitan
450 2868 493 2936 ab
510 2867 683 2954 aliquibus,
699 2886 759 2956 per
774 2885 855 2952 quos
880 2867 1001 2935 nubere
1017 2864 1233 2952 prohibentur
1247 2873 1362 2934 contra
1375 2870 1462 2951 Apo·

347 2977 477 3062 stolum,
495 2979 551 3060 qui
567 2975 608 3044 de
624 2975 745 3043 talibus
760 2975 807 3042 ita
823 2975 904 3042 dicit
920 2999 927 3038 :
948 2973 1075 3060 ,Vidua
1090 2991 1155 3041 non
1171 2973 1323 3060 eligatur,
1335 2973 1402 3041 nisi
1412 2993 1462 3041 se·

348 3086 486 3172 xaginta
501 3081 699 3169 annorum“;
716 3084 795 3150 item
812 3106 820 3148 ι
840 3081 1146 3170 ,Adolescenticres
1157 3090 1266 3152 autem
1277 3081 1393 3152 viduas
1409 3079 1463 3146 de-

345 3195 425 3277 vita,
441 3194 516 3260 volo
532 3201 640 3261 antem
656 3191 842 3262 huiusmodi
868 3189 1023 3260 nubere.“
1051 3192 1117 3258 Iste
1143 3191 1264 3259 etenim
1289 3197 1385 3276 sunt,
1401 3207 1464 3274 que

347 3301 454 3372 solent
469 3301 606 3372 circuire
622 3302 737 3371 domos
750 3321 815 3371 non
826 3299 929 3368 solom
946 3299 1069 3384 ociose,
1087 3299 1149 3367 sed
1165 3307 1199 3367 et
1214 3300 1362 3383 verbose,
1377 3295 1467 3364 unde

348 3419 381 3480 et
395 3417 472 3499 post
486 3412 650 3480 sathanan
677 3411 787 3496 sepius
813 3415 1047 3480 convertuntur
1071 3415 1256 3478 retrorsum.
1281 3409 1377 3478 Gertc
1401 3408 1467 3474 iste

347 3527 421 3590 suut
436 3521 592 3608 religiose
607 3519 677 3604 ille,
694 3539 758 3604 que
773 3519 835 3588 suh
851 3517 983 3587 nomine
999 3517 1194 3603 honestatis,
1205 3517 1380 3586 sicutclim
1391 3536 1467 3583 eon-

346 3637 399 3697 tra
413 3629 590 3700 Barnaban
605 3637 639 3696 et
653 3627 801 3710 Paulum,
818 3625 997 3695 seditiones
1022 3631 1133 3695 contra
1150 3627 1286 3694 clericos
1301 3625 1467 3696 suscitare

347 3745 521 3808 aueucrunt
530 3788 539 3822 ,
565 3757 586 3804 a
602 3737 719 3821 quibus
735 3737 839 3804 ccianr
855 3735 890 3802 in
906 3733 1166 3804 confessionibus
1182 3733 1317 3820 fugiunt,
1333 3751 1397 3800 nec
1411 3753 1468 3798 re-

348 3849 473 3933 cipiunt
488 3846 715 3916 ecelesiastica
731 3849 960 3926 sacramenta,
986 3845 1158 3912 innuentes
1173 3843 1285 3927 tacite,
1301 3841 1400 3926 quasi
1413 3861 1470 3908 aa·

349 3967 518 4028 eramenta
533 3958 565 4024 in
591 3976 701 4024 eorum
723 3956 873 4024 manibus
898 3957 964 4024 sint
988 3954 1125 4040 polluta
1151 3951 1330 4021 Consilium
1354 3959 1471 4019 autem

348 4067 390 4136 de
405 4064 592 4136 huiusmodi
606 4065 698 4134 alind
714 4063 920 4146 condamus,
936 4062 1000 4130 nisi
1015 4059 1103 4146 quod
1126 4061 1305 4146 Apostolus
1330 4059 1473 4130 dedisse

348 4177 544 4260 dinoscitur,
560 4174 646 4242 sicut
660 4193 759 4260 supra
768 4224 778 4259 ,
795 4169 881 4256 quod
896 4170 981 4240 tales
997 4170 1174 4253 nuberent,
1192 4191 1285 4240 suam
1302 4169 1386 4238 dicit
1400 4190 1474 4237 cm·

348 4284 514 4354 nimodam
540 4281 757 4366 uoluntatem,
782 4282 836 4349 vel
861 4283 895 4347 in
921 4281 1116 4367 approbatis
1132 4278 1346 4362 religionibus
1362 4283 1475 4348 retru-

348 4393 477 4462 dentur.

454 4503 506 4568 De
522 4497 707 4565 infidelibus
722 4517 799 4565 vero
815 4501 898 4565 inter
914 4519 974 4566 nos
991 4497 1274 4582 conversantibus,
1286 4497 1358 4565 Dec
1368 4501 1476 4578 teste,

350 4611 391 4678 de
415 4609 569 4678 hereticis
595 4605 696 4674 nichil
726 4605 857 4672 seimus.
882 4607 931 4672 De
957 4605 1071 4674 Judeis
1096 4625 1172 4674 vero
1197 4604 1353 4689 dicimus,
1381 4604 1480 4688 quod
