3142 5170
613 383 771 486 juj-

125 578 159 646 in
176 579 288 666 sigillo
311 597 432 666 magna
445 599 488 646 ex
504 583 600 666 parto
615 583 732 665 rnpto,
756 577 854 649 nobis
870 578 983 647 eciam
998 579 1105 648 extitit
1120 599 1252 667 presen-

122 692 237 756 tatum.
254 684 348 756 Vnde
365 705 424 771 per
434 685 641 771 justissimos
658 693 727 754 tam
743 693 858 772 testes,
874 707 974 772 quam
994 687 1063 754 alia
1072 738 1082 775 ,
1102 696 1251 776 utsupra

127 795 286 877 diximum
306 793 431 862 indicia
447 803 499 861 est
515 803 727 878 compertum,
744 793 832 878 qnod
848 800 990 878 cognata
999 805 1113 863 nostra
1128 795 1251 867 charis·

123 904 208 972 sima
222 902 347 986 merito,
364 907 398 968 et
407 902 619 971 landabiliter
633 901 781 988 predicte
792 904 1015 989 possessionis
1031 905 1246 974 donacionem

121 1011 158 1080 in
182 1017 334 1080 sanctam
360 1009 636 1096 Vesprimiensem
661 1009 848 1080 Ecclesiam
868 1010 985 1080 lecerit
1000 1013 1248 1100 circumspecta,

119 1139 219 1204 quam
245 1137 307 1188 nos
330 1126 435 1186 ratam
459 1138 519 1205 per
543 1118 655 1187 omnia
681 1137 741 1189 sen
758 1126 891 1206 gratam
906 1121 1068 1191 mirantes
1083 1123 1249 1211 presentis

119 1229 224 1296 nostri
247 1235 362 1296 tenore
384 1227 550 1314 privilegij
576 1227 700 1295 llrmins
726 1219 973 1317 approbamus.¹
988 1232 1126 1318 Insuper
1150 1231 1249 1300 adici·

118 1355 192 1404 mus
208 1335 333 1419 eciam,
356 1333 443 1420 quod
458 1355 532 1404 cnm
549 1335 703 1404 dominus
719 1343 830 1406 noster
839 1385 849 1422 ,
875 1337 947 1405 Rex
962 1339 1124 1424 illustris,
1149 1337 1246 1406 nobis

119 1443 154 1511 in
170 1442 289 1512 cadem
314 1441 396 1510 silla
419 1443 528 1511 Beren
552 1453 626 1510 octo
651 1445 827 1512 contulerit
843 1445 1091 1514 uduornicorum
1106 1447 1246 1513 mansio·

118 1569 179 1618 nes
189 1549 225 1618 in
246 1549 471 1618 concambium
487 1551 674 1636 specialiter
691 1557 877 1620 nostrarum
891 1553 1147 1639 possessionum,
1164 1572 1247 1637 quas

117 1676 141 1724 a
164 1656 261 1727 nobis
285 1655 424 1744 recepit,
453 1656 609 1725 videlicet
634 1655 747 1726 villam
772 1679 925 1741 maguam
951 1659 1080 1746 Ladan,
1096 1665 1130 1728 et
1146 1659 1246 1728 aliam

118 1765 233 1834 sillam
249 1765 381 1833 nomine
398 1765 507 1832 Beren
523 1764 557 1832 in
578 1763 746 1836 comitatu
765 1765 904 1834 Albensi
920 1787 1021 1856 super
1036 1766 1244 1856 boriosam,

116 1891 221 1960 prope
235 1873 373 1958 Albam
397 1890 459 1940 nos
474 1871 521 1940 ad
543 1872 745 1940 instanciam
761 1881 874 1944 nostre
893 1885 1037 1962 cognate
1052 1875 1246 1946 charissime

117 1980 251 2048 domiue
266 1978 449 2064 Elisabeth,
466 1980 520 2047 cui
536 1980 661 2050 dictam
677 1980 791 2050 sillam
815 1983 923 2052 Beren
939 1984 1135 2054 contulimus
1150 1986 1245 2054 modo

119 2095 156 2156 et
180 2090 314 2156 sacione
338 2086 501 2176 predicta,
527 2087 602 2155 illas
627 2088 779 2158 similiter
794 2097 868 2158 octo
885 2090 1137 2160 uduornicorum
1153 2113 1244 2160 man·

116 2196 230 2266 siones
246 2196 281 2264 in
296 2194 524 2264 mucambium
539 2215 561 2262 a
576 2195 710 2264 domino
727 2196 821 2284 Rege
845 2207 997 2285 receptas
1006 2249 1016 2286 ,
1034 2220 1109 2268 cum
1133 2200 1241 2286 predi-

116 2311 172 2372 cta
187 2305 355 2374 totalitate
371 2303 566 2372 uilleBcren
581 2303 790 2390 donauimus,
803 2326 845 2376 sc
861 2305 936 2393 pari
952 2327 1011 2397 pro
1026 2306 1090 2376 hac
1111 2307 1243 2376 racione

116 2410 355 2499 vesprimiensi
368 2411 538 2494 Ecclesia,
565 2415 618 2480 eui
643 2411 734 2482 dicta
759 2413 906 2484 Domina
931 2413 1105 2482 Elisabeth
1131 2423 1246 2484 nostra

115 2526 264 2607 cognata
290 2518 537 2607 possessionem
563 2540 623 2589 sen
649 2519 764 2588 villam
788 2522 895 2588 Beren
920 2520 1078 2604 donauit,
1101 2541 1163 2590 nec
1178 2541 1244 2590 non

115 2649 190 2696 anm
215 2628 276 2696 illa
300 2627 417 2697 eadem
443 2629 520 2694 illas
536 2633 610 2698 octo
625 2629 879 2700 uduornicorum
896 2629 1087 2698 mansiones
1102 2648 1161 2716 per
1178 2630 1243 2696 do-

114 2738 237 2803 minnm
248 2737 370 2822 Regem
382 2734 477 2804 nobis
487 2736 521 2802 in
532 2738 759 2812 concambium
769 2737 922 2823 donnas,
937 2743 972 2802 ut
987 2756 1087 2822 super
1103 2737 1166 2804 hoc
1182 2735 1244 2804 Re·

112 2846 206 2931 gium
222 2849 318 2932 patet
333 2843 553 2930 priuilegium,
579 2863 771 2930 supernos
788 2842 918 2913 domine
942 2845 1115 2914 Elisabeth
1130 2854 1243 2912 nostre

112 2961 274 3038 cognate,
300 2971 374 3022 cnm
397 2955 470 3020 tota
493 2952 574 3019 silla
598 2952 750 3036 donatas,
770 2952 856 3020 sicut
871 2953 950 3022 rille
965 2954 1071 3021 Beren
1089 2953 1241 3022 donacio·

110 3080 208 3146 nem,
234 3059 284 3127 sic
308 3057 485 3129 stillarum
509 3066 583 3127 octo
599 3062 807 3129 mansionum
821 3059 1066 3146 sepedictorum
1088 3057 1241 3126 uduorni-

110 3189 225 3236 corum
241 3169 484 3255 possessiones,
500 3187 662 3254 personas
677 3188 801 3256 eorum,
818 3175 968 3254 posteros
984 3187 1026 3237 ao
1041 3165 1192 3251 heredes,
1207 3172 1241 3232 et

109 3277 224 3346 omnia
238 3294 369 3360 queque
383 3281 495 3344 tenent
520 3282 555 3342 et
569 3275 755 3362 possident,
771 3285 804 3343 et
820 3294 894 3344 cum
909 3277 977 3342 suis
992 3274 1241 3343 condicionibus

108 3383 266 3452 Ecclesia
280 3383 380 3451 Beati
395 3382 570 3452 Michaelis
585 3383 804 3471 Archangeli,
830 3382 991 3464 similiter,
1008 3393 1044 3448 nt
1060 3382 1240 3470 predictam

108 3491 331 3561 donacionem
358 3491 440 3558 ville
466 3491 574 3558 Beren
600 3489 803 3559 ratificamus
831 3509 871 3556 ao
891 3489 1092 3556 authoritate
1106 3507 1239 3574 presen-

107 3603 200 3669 cium
215 3600 405 3670 duraturam
430 3601 465 3668 in
490 3599 687 3688 perpetuum
703 3597 941 3666 confirmamus.
957 3595 998 3664 In
1014 3596 1106 3682 cujus
1122 3597 1172 3663 rei
1188 3596 1241 3664 fir·

106 3710 264 3776 mitatem
280 3712 316 3775 et
329 3708 577 3778 sanctissimum
596 3707 817 3776 testimoninm
834 3712 1006 3793 presentes
1016 3704 1239 3773 concessimus

106 3818 243 3884 litteras
253 3813 397 3904 duplicis
410 3815 513 3902 sigilli
529 3815 634 3884 nostri
650 3815 829 3882 munimine
844 3813 1030 3882 roboratas.
1046 3812 1167 3879 Datum
1182 3832 1241 3900 per

104 3943 228 3992 manns
245 3923 446 3992 venerabilis
461 3923 567 4013 patris
582 3919 708 3990 Thome
723 3923 787 3992 Dei
802 3920 917 4010 gracia
925 3921 1085 4008 Episcopi
1094 3919 1238 3988 Vaoien-

102 4035 168 4116 sis,
192 4031 270 4100 aula
294 4039 407 4101 nosne
432 4032 644 4118 (lancellarij,
670 4029 777 4100 fidelis
801 4031 915 4112 nostri,
931 4051 1021 4099 anno
1039 4027 1171 4098 Domini
1188 4029 1240 4097 Μ’

102 4141 181 4212 00⁰
195 4137 422 4223 ocmsgeslmo
438 4139 559 4226 tercio;
576 4145 693 4223 quarto
709 4138 876 4208 limandos
892 4137 1055 4206 Octobris.
1135 4123 1137 4130 ⁴

99 4333 258 4408 (Eredetie
270 4349 289 4388 a
300 4281 465 4404 uessprdrni
476 4329 620 4404 ktptalan
632 4327 843 4391 levdltdriban.
865 4329 907 4389 Iti
918 4331 1017 4388 annak
1030 4330 1102 4388 ossh
1115 4327 1237 4386 micola·

522 4418 569 4480 tts
580 4418 826 4494 went.)
