3154 5166
596 319 758 430 —3—62-

113 515 286 600 proveuiat
300 515 478 602 premium,
497 513 584 601 quod
600 536 659 603 pro
675 515 741 601 piis
758 514 885 583 actibus
901 521 1143 601 compensatur,
1160 533 1235 584 uos-

112 643 177 707 que
194 623 400 693 devotionem
417 632 560 692 uestram
578 624 736 692 uberibus
752 623 785 689 in
802 624 943 693 Domino
968 623 1123 692 laudibus
1141 623 1236 690 attol-

110 731 228 800 lamus.
246 733 367 800 Datum
388 732 476 822 apud
493 733 616 802 Urbem
641 733 795 800 Veterem
820 734 861 800 X.
888 732 1053 801 kalendas
1082 731 1236 818 Augusti,

108 841 326 911 Pontificatus
342 845 446 912 nostri
462 863 549 913 anuo
565 841 674 910 tertio.

191 1038 254 1112 (IV.
267 1039 373 1100 Miklts
386 1038 465 1114 pdpa
476 1037 675 1115 Regestdibdl
689 1035 867 1098 Theinernel
878 1038 917 1096 id.
930 1055 965 1095 m.
980 1037 1002 1094 1.
1015 1037 1045 1096 k.
1057 1035 1120 1094 494.
1134 1038 1153 1094 1.

548 1329 800 1343 *-

638 1865 722 1934 tte.

108 2067 148 2154 9)
167 2070 185 2134 1
191 2069 228 2136 V.
245 2065 365 2134 Miletos
373 2074 467 2154 po'po
483 2087 671 2154 coppanaaon
696 2067 849 2154 tdrpyhcn
875 2067 1065 2136 Radoczloac
1081 2071 1112 2134 es
1127 2069 1236 2136 Istocine

496 2171 672 2239 sclavonici
687 2172 854 2239 bdnokhoz.

222 2375 380 2443 Nicolaus
397 2371 582 2458 Episcopus
607 2389 722 2438 seruus
749 2389 914 2438 seruorum
930 2371 993 2440 Dei
1010 2371 1174 2440 nobilibus
1191 2373 1235 2440 ui-

111 2483 161 2550 ris
187 2483 395 2552 Radesolavo
421 2488 453 2547 et
478 2481 645 2564 Stephano
665 2479 823 2548 iratribus
839 2479 940 2547 Bauis
957 2480 1133 2550 Sclavouie
1151 2485 1237 2550 salu·

110 2599 180 2657 tem
197 2598 231 2657 et
245 2591 472 2680 Apostolicam
489 2588 760 2658 benedictionem.
779 2591 957 2678 Speremus
976 2592 1110 2660 firmiter
1120 2644 1130 2680 ,
1149 2597 1236 2678 quod

111 2719 174 2768 nos
189 2707 354 2783 tamquam
372 2699 486 2769 fideles
502 2699 562 2766 tilii
573 2707 607 2768 et
622 2699 734 2768 devoti
749 2707 876 2767 mentes
892 2707 1021 2768 uestras
1038 2700 1081 2767 ad
1097 2701 1236 2770 celestia

112 2806 280 2877 desideria
294 2809 475 2895 dirigentes
502 2809 591 2878 circa
606 2809 665 2876 illa
680 2827 739 2877 vos
765 2815 933 2897 promptos
949 2816 981 2876 et
997 2817 1131 2896 paratos
1147 2811 1236 2877 exhi·

111 2919 193 2988 here
210 2919 338 3002 curetis,
356 2937 418 3005 qne
434 2937 573 3004 superno
591 2919 658 2987 siut
674 2925 813 3006 accepto
830 2919 1030 3005 conspectui,
1047 2919 1162 2987 salutis
1178 2939 1233 2988 ve·

113 3036 184 3098 stre
200 3027 380 3114 proiectum
396 3027 576 3116 respiciant
592 3035 625 3093 et
652 3035 829 3116 procurent
852 3026 936 3095 fidoi.
954 3027 1140 3096 christiane
1157 3047 1231 3094 oon·

113 3137 241 3205 tinuum
258 3137 503 3206 incrementum.
519 3138 610 3204 Saue
626 3136 669 3203 ad
694 3136 897 3204 audientiam
914 3143 1056 3204 vestram
1073 3137 1236 3204 credimus

113 3247 327 3333 pervenisse,
354 3265 452 3331 quam
468 3245 774 3332 reprehensibiliter
791 3243 950 3315 hacteuus
967 3265 1130 3330 quamque
1145 3245 1235 3315 inho-

111 3365 226 3440 neste,
254 3355 396 3440 quinimo
422 3355 605 3443 periculose
630 3373 668 3423 se
692 3355 855 3441 gesserit.
874 3404 881 3422 .
900 3407 907 3424 .
924 3353 1071 3441 Ungarie
1087 3357 1165 3440 Rex,
1179 3355 1237 3440 qui

111 3466 249 3536 vesanis
265 3463 427 3532 adherens
445 3463 590 3533 consiliis
607 3469 640 3531 et
655 3485 676 3532 a
691 3464 746 3531 nia
761 3462 910 3534 veritatis
929 3464 1128 3552 exorbitans,
1146 3465 1237 3534 chri·

113 3575 228 3644 stiana
243 3573 401 3660 religione
417 3573 613 3660 postposita,
630 3593 667 3642 se
683 3593 756 3641 cum
771 3572 927 3658 Tartatis,
937 3573 1138 3660 Sarraceuis‚
1149 3575 1235 3642 Neu·

112 3683 227 3769 geniis,
244 3689 278 3752 et
293 3683 435 3769 paganis
453 3683 629 3771 dampnate
641 3683 901 3753 conversationis
917 3683 1058 3753 audacia
1074 3683 1169 3752 fedus
1185 3702 1238 3751 as·

113 3794 237 3860 seritur
262 3793 486 3874 contraxisse,
513 3798 643 3878 sumpta
668 3810 783 3861 norma
807 3793 967 3879 nepharius
985 3793 1175 3880 specialiter
1190 3789 1237 3859 vi·

112 3899 214 3970 vendi
243 3919 314 3968 cum
338 3899 514 3986 Neogeriis
539 3899 740 3988 supradictis
766 3920 806 3968 ae
831 3903 967 3990 turpiter
982 3908 1015 3970 et
1030 3901 1239 3987 impudenter

114 4011 248 4078 abiecta
272 4009 410 4096 coniuge
435 4010 588 4098 propria,
605 4009 787 4096 Regalihus
803 4011 917 4096 utique
933 4017 1007 4080 orta
1022 4011 1190 4079 natalibus
1206 4013 1239 4079 et

113 4118 254 4188 honeste
270 4117 532 4188 conversationis
547 4139 586 4186 ac
602 4119 671 4187 uite
687 4119 792 4188 titulis
811 4119 988 4206 insignite,
1014 4118 1170 4187 videlicet
1184 4137 1238 4189 oa·

114 4227 248 4294 rissima
264 4229 296 4292 in
314 4225 442 4298 Christo
460 4227 529 4294 lilia
545 4234 656 4295 nostra
672 4227 709 4293 li.
726 4227 849 4296 Illustri
859 4227 985 4314 Regina
996 4227 1152 4314 ngarie,
1166 4247 1237 4296 cru·

114 4335 237 4406 deliter
261 4336 391 4404 seviens
415 4336 448 4403 iu
474 4355 511 4405 se
533 4337 639 4422 ipsum
667 4342 700 4403 et
715 4337 843 4404 domum
858 4335 1004 4424 ngarie
1018 4336 1161 4405 inclitam
1178 4335 1239 4404 Re·

114 4446 215 4532 gihus
230 4444 355 4530 pollere
370 4444 542 4514 catholicis
558 4451 762 4530 consuetam,
779 4447 904 4513 thorum
920 4445 1108 4514 sedarenou
1125 4444 1239 4513 metuit

116 4554 329 4642 coniugalem
353 4555 386 4622 iu
411 4555 570 4641 gaudem
598 4573 739 4641 superne
755 4554 938 4624 Maiestatis
955 4553 1122 4642 offensam,
1138 4572 1239 4640 grave

116 4683 176 4734 sue
203 4665 323 4734 salutis
348 4662 556 4754 dispendium
581 4671 615 4734 et
640 4665 834 4735 scandalum
855 4663 1002 4736 fidelium
1018 4664 1239 4752 plurimorum.
