3156 5158
875 255 919 322 66

814 344 969 356 ,ης-..-

325 460 359 521 et
376 454 410 520 in
426 452 541 522 eedem
557 473 642 537 sque
667 451 770 522 tendit
794 473 908 523 uersus
934 453 1121 535 meridiem,
1138 455 1195 522 vbi
1211 461 1261 522 est
1276 458 1366 521 mets
1380 459 1447 520 ter·

326 583 404 650 ree;
429 561 549 629 deinde
574 559 780 647 progreditur
796 581 912 632 uersos
928 562 1097 631 meridiem
1112 563 1145 630 in
1163 564 1280 632 endem
1295 580 1401 646 oque,
1417 565 1451 630 et

326 671 402 739 inde
427 671 498 737 exit
522 688 637 738 uersus
664 669 842 752 orientem,
870 676 903 738 et
926 671 1048 738 abhine
1073 657 1183 758 uergit
1197 673 1316 739 iterato
1331 689 1449 739 nersns

325 781 490 849 meridiem
506 780 568 847 sub
594 781 766 848 destenlez
782 776 848 866 (i),
870 777 927 848 nbi
943 786 994 848 est
1008 779 1107 848 arbor
1120 781 1170 868 ryt
1185 800 1244 866 pro
1259 787 1366 864 metn3
1393 778 1451 846 de-

325 884 402 954 hine
417 887 626 974 progreditur
640 885 749 956 adhue
763 907 877 957 versus
893 885 1060 956 meridiem
1085 887 1141 954 ed¹
1153 886 1450 974 Dobonohpotoke,

326 1003 360 1064 et
375 996 496 1065 transit
511 997 618 1089 ipsam
635 1014 754 1080 equam
771 994 1028 1083 Doboehpotoke
1052 996 1096 1063 ed
1113 994 1293 1081 orientem,
1309 1001 1344 1062 et
1358 993 1452 1062 redit

326 1105 371 1173 ed
387 1104 539 1173 arborem
565 1107 612 1171 tei
638 1124 736 1174 erues
752 1105 928 1190 signatam,
946 1123 1012 1190 qne
1028 1112 1078 1170 est
1093 1123 1154 1190 pro
1170 1111 1268 1189 mete,
1285 1109 1319 1170 et
1333 1103 1380 1168 ibi
1397 1122 1451 1171 oe·

329 1341 393 1406 qne
418 1321 461 1388 ad
492 1323 635 1388 Trestene
657 1321 744 1408 pota,
761 1328 796 1387 et
810 1318 1010 1388 transeundo
1026 1320 1118 1387 ilium
1138 1340 1288 1406 eampum
1304 1319 1395 1386 nenit
1409 1319 1452 1387 ad

222 1238 224 1245 ·
330 1214 379 1282 dit
394 1211 438 1281 ed
463 1231 617 1295 magnam
642 1212 730 1281 viem
756 1213 869 1296 erneis,
897 1231 960 1297 que
974 1213 1067 1281 vadit
1082 1231 1199 1281 uersos
1214 1210 1386 1280 meridiem
1400 1231 1452 1280 vs·
1550 1251 1551 1278 t

283 1453 285 1458 ·
327 1449 450 1513 equom
466 1429 581 1516 Lnky,
605 1428 662 1495 vbi
687 1434 739 1496 est
764 1428 861 1496 arbor
886 1431 935 1496 tot
959 1447 1055 1497 oruoe
1074 1429 1217 1512 signata,
1234 1435 1268 1497 et
1284 1430 1317 1496 in
1333 1427 1451 1495 eedem
1550 1449 1551 1460 ¹

328 1556 416 1622 equs
431 1537 531 1626 Luky
545 1537 649 1606 tendit
664 1555 777 1605 versus
791 1535 959 1605 meridiem
974 1537 1018 1603 sd
1034 1537 1150 1621 loonm,
1161 1537 1215 1622 qui
1225 1557 1290 1603 vna
1301 1535 1452 1602 Hetroste

323 1647 423 1734 potpo
446 1651 607 1732 noostnr3
633 1652 667 1713 et
690 1646 768 1714 inde
794 1646 862 1714 exit
888 1665 1005 1716 nersns
1033 1643 1191 1714 orientem
1222 1653 1255 1712 et
1281 1644 1385 1711 tendit
1408 1643 1451 1710 nd

328 1753 496 1822 meridiem
512 1755 555 1821 ad
572 1773 691 1841 aquam
707 1752 891 1840 Ohnrnnoh,
907 1761 940 1821 et
955 1774 996 1820 ex
1018 1754 1087 1822 elie
1102 1759 1198 1839 perte
1224 1772 1311 1836 eque
1338 1753 1373 1818 in
1399 1772 1450 1820 eo·

329 1863 400 1929 dem
424 1865 497 1930 loeo
514 1862 600 1930 ondit
615 1881 704 1947 nque
719 1864 879 1948 Zanngna
893 1862 926 1929 in
943 1883 1062 1946 equom
1079 1863 1255 1930 Ohnrnuoh
1265 1913 1274 1947 ,
1292 1869 1325 1928 et
1341 1861 1389 1927 ibi
1404 1880 1451 1928 se·
1550 1913 1551 1926 ,

330 1978 505 2057 paratura
532 1979 621 2038 terre
646 1969 756 2055 Oheh3
781 1970 900 2039 deinde
921 1970 1127 2058 progreditur
1144 1977 1178 2037 et
1193 1971 1286 2038 uadit
1302 1969 1347 2035 ad
1364 1969 1450 2036 ooei-

330 2079 472 2166 dentem,
487 2081 636 2166 peruenit
651 2080 694 2146 ed
714 2079 854 2166 priorem
865 2065 996 2166 metam,
1019 2081 1066 2147 ibi
1081 2081 1280 2148 terminatur.
1300 2078 1344 2144 vt
1360 2077 1452 2162 igitur

331 2188 393 2256 heo
407 2194 522 2255 nostre
538 2189 678 2257 ooileoio
695 2189 891 2256 inconeussa
906 2195 1107 2276 permanent,
1123 2209 1185 2256 neo
1201 2206 1361 2274 processu
1377 2194 1450 2253 tem·

331 2315 443 2383 porum
459 2297 565 2383 possit
579 2317 638 2382 per
654 2297 838 2382 quempiam
855 2297 1035 2382 retraetari,
1061 2303 1231 2382 presentes
1257 2295 1367 2362 eidem
1395 2294 1449 2361 00-

332 2405 402 2472 miti
416 2405 592 2474 Benedioto
607 2405 829 2474 concessimus
846 2407 974 2474 littores
991 2407 1133 2491 duplicis
1150 2402 1252 2490 sigilii
1268 2403 1372 2470 nostri
1388 2423 1449 2468 mn·

332 2514 455 2581 nimine
480 2513 662 2583 roboratas.
688 2513 809 2581 Datum
835 2536 895 2600 per
916 2535 1032 2583 manus
1049 2514 1198 2598 magistri
1214 2511 1365 2595 Gregorii
1381 2509 1451 2578 anie

332 2627 442 2688 nostre
465 2621 662 2690 (tenoeliarii
687 2621 792 2694 fidelis
809 2623 924 2707 nostri,
941 2619 1043 2708 (anno
1060 2621 1192 2690 Domini
1207 2617 1272 2708 M0)
1291 2619 1363 2688 00⁰
1378 2637 1448 2703 sep-

333 2729 515 2813 tuagesimo
530 2731 653 2814 quinto.

336 2939 375 3012 (A
388 2941 525 3014 ponsegei
539 2940 676 3014 kdptelen
687 2941 816 3015 egyisord
826 2941 991 3014 dtirntdbol‚
1001 2943 1114 3002 Horvdt
1123 2941 1222 3003 lstvdn
1234 2939 1377 2998 kdeiretsi
1389 2939 1450 2995 tort

704 3037 859 3092 nnemneti
873 3035 1087 3108 muzenmben.)
