3142 5164
668 975 742 1043 121.

135 1209 166 1272 A
183 1205 468 1296 ursulfus-epu
483 1211 515 1274 u
539 1210 688 1276 aestuo
702 1210 841 1298 aarum
855 1204 993 1278 usuros
1009 1207 1261 1298 somopymeqyr-

135 1317 192 1384 ben
207 1315 408 1404 larurjclrctu
432 1321 585 1386 turtauuk
600 1347 622 1386 a
638 1322 700 1387 loir.
717 1323 925 1388 uduomokole
950 1321 1043 1411 oppilo
1058 1321 1161 1388 ultani
1179 1317 1262 1407 dely·

196 1459 199 1464 ·
575 1430 711 1517 adpulsu.
729 1431 829 1496 1279.

242 1661 311 1728 Nos
328 1660 447 1732 Comes
463 1664 584 1731 Paulus
595 1663 686 1734 'lilius
703 1664 843 1732 Comitis
859 1665 1006 1750 Menneu,
1031 1661 1149 1744 Barolr,
1164 1663 1262 1730 homo

132 1769 175 1836 ll.
195 1767 359 1856 Palatini,
386 1777 420 1840 et
436 1772 588 1840 Clemens
615 1775 732 1844 Comes
757 1774 1009 1842 vduornioorum
1034 1773 1077 1840 de
1101 1771 1261 1859 Symigio,

132 1877 175 1944 ad
193 1876 450 1973 reambnlandas
466 1887 573 1948 terras
588 1881 840 1951 uduornicorum
865 1879 988 1949 domini
1004 1880 1125 1965 Regis,
1150 1887 1183 1948 et
1199 1881 1261 1947 eis·

134 1985 210 2055 dem
225 1987 458 2071 restituendus,
477 2008 498 2055 a
515 1987 646 2056 domino
662 1989 753 2074 Rege
771 1996 805 2057 et
823 1991 865 2058 Μ.
883 1990 1036 2060 Palatino
1062 1987 1212 2075 deputati
1229 1994 1262 2055 et

132 2097 341 2181 transmissi,
358 2096 475 2164 damus
491 2118 551 2184 pro
568 2099 728 2166 memoria
738 2149 747 2183 ‚
772 2101 860 2183 quod
877 2119 950 2167 enm
967 2120 1028 2168 nos
1044 2102 1078 2168 in
1096 2099 1261 2168 comitatu

130 2201 335 2288 symigiensi
357 2205 741 2276 terrasvduornioorum
757 2207 1071 2294 reambulassomus,
1097 2208 1183 2274 inter
1209 2225 1260 2274 ee-

130 2317 204 2376 tera
220 2311 386 2396 quandam
410 2321 533 2382 terrum
552 2352 587 2364 -
607 2349 652 2365 -
668 2321 820 2384 voeatam
841 2315 953 2384 atiliis
980 2315 1118 2387 Comitis
1134 2315 1259 2402 ipoliti,

131 2419 223 2504 Vgra
239 2419 395 2488 videlieet
419 2423 560 2491 Nioolao
577 2430 610 2490 et
627 2425 804 2492 Valentino
821 2425 1023 2512 comitibus,
1050 2423 1260 2514 presentibus

125 2521 368 2615 jobegionibus
392 2530 642 2602 uduornicorum
657 2541 691 2602 et
715 2533 902 2604 uduorniois
918 2567 1260 2582 ------

127 2672 171 2684 -
187 2639 470 2722 roambulauimus
500 2677 538 2690 -
556 2678 600 2690 -
620 2678 662 2689 —
679 2649 850 2731 -statu,
871 2633 942 2726 ouo
954 2649 1067 2712 antea
1092 2643 1260 2711 domiuum

125 2749 256 2835 Regem
281 2753 315 2818 et
339 2749 539 2820 vduomioos
563 2789 607 2800 —
623 2789 668 2800 -
684 2789 730 2801 -
746 2786 791 2798 -
803 2753 1005 2840 jobagiones
1030 2751 1201 2820 uduorniei
1226 2757 1261 2818 et

126 2855 305 2926 vduornioi
330 2894 852 2912 ---------
867 2864 964 2932 metis
981 2894 1259 2910 —————
1295 2855 1298 2860 ’

124 2961 289 3052 incipiunt
313 2967 417 3054 primo
443 2975 477 3039 et
500 2971 729 3058 principaliter
751 2969 1000 3058 progredientes
1018 2971 1053 3038 iu
1068 2969 1140 3038 loco
1156 3004 1198 3018 -
1215 3001 1259 3016 -

124 3109 473 3126 ------
501 3079 660 3166 Episoopi
676 3115 719 3126 -
737 3118 779 3128 -
796 3113 840 3127 -
857 3114 900 3126 -
917 3078 1131 3156 orientalem,
1155 3095 1260 3162 usque

124 3183 289 3254 uerticem
315 3186 436 3257 montis
452 3195 486 3253 et
500 3187 546 3256 ibi
560 3224 605 3234 -
620 3221 665 3234 -
681 3223 725 3234 -
742 3222 785 3274 ε
801 3221 846 3235 -
862 3222 905 3233 -
922 3193 1038 3275 terreo,
1066 3191 1098 3252 el
1118 3182 1258 3252 meando

122 3314 231 3380 nsque
260 3297 502 3392 longitudinem
530 3331 889 3349 ------
915 3295 980 3364 due
1004 3301 1100 3362 mete.
1126 3293 1258 3362 Deinde

121 3404 272 3476 meando
298 3405 450 3476 similiter
465 3427 527 3494 per
551 3405 795 3494 longitudinem
806 3405 854 3455 '-
872 3440 912 3450 -
930 3440 975 3454 -
991 3404 1036 3473 ad
1052 3397 1179 3492 partem
1197 3401 1259 3470 ori·

121 3515 270 3582 entulem
286 3523 362 3584 suut
378 3513 444 3584 due
457 3522 544 3584 mete
561 3551 605 3564 -
618 3550 663 3564 -
678 3550 722 3564 -
734 3517 858 3584 descen
874 3550 971 3572 --τ
982 3549 1026 3559 -
1042 3528 1258 3597 --prope

121 3624 166 3691 ad
183 3622 308 3711 Hydas
324 3624 359 3690 in
374 3623 440 3692 due
465 3625 649 3694 fimatarum
676 3629 832 3692 terrarum
848 3623 882 3691 iu
910 3642 977 3688 una
993 3639 1115 3706 magna
1140 3619 1259 3686 arbore

119 3729 206 3818 piri,
227 3732 288 3800 ubi
305 3739 382 3802 sunt
406 3731 470 3800 due
487 3741 591 3820 mete5
619 3740 652 3802 et
668 3731 713 3800 ibi
729 3753 751 3799 a
766 3737 863 3820 parte
884 3729 1093 3799 meridionali
1109 3735 1259 3797 remanet

119 3839 339 3927 uduornieis‚
364 3863 386 3909 a
411 3847 507 3930 purte
532 3861 610 3909 vero
627 3843 765 3910 Bolotun
790 3839 994 3909 hereditaria
1011 3837 1257 3914 ,terratiliornm

120 3947 268 4040 Comitis
285 3949 397 4037 lpoliti
421 3951 658 4036 predictorum
683 3955 717 4018 et
733 3948 780 4016 ibi
796 3949 917 4016 transit
941 3945 1030 4014 ultra
1055 3965 1175 4030 aquam
1190 3945 1258 4031 Hy-

117 4059 181 4126 dns
197 4059 249 4126 ad
265 4063 395 4147 purtem
414 4059 622 4147 orientalem,
641 4059 696 4126 vbi
713 4065 791 4126 sunt
806 4057 869 4126 due
889 4061 976 4124 mete
993 4061 1119 4140 terree;
1136 4051 1258 4122 deinde

117 4165 216 4236 iuxta
243 4184 370 4250 aquam
395 4167 487 4236 vadit
511 4187 629 4237 uersus
653 4167 846 4250 meridiem,
875 4163 972 4236 stibi
992 4165 1093 4251 juxta
1118 4161 1258 4230 eandem

121 4296 251 4362 aquam
282 4285 358 4344 sunt
382 4277 446 4343 dus
471 4289 574 4364 mete;
610 4275 730 4344 deinde
762 4275 903 4344 meando
937 4279 1014 4340 sunt
1044 4271 1163 4338 iterum
1194 4269 1258 4336 due

120 4391 229 4472 mete;
259 4389 297 4452 et
320 4381 432 4452 adhue
457 4385 609 4453 similiter
635 4383 777 4452 meando
803 4389 879 4450 sunt
895 4383 959 4450 dne
976 4387 1080 4467 mete;
1108 4385 1142 4446 et
1166 4377 1212 4443 ibi
1237 4398 1259 4446 a

116 4499 215 4580 parte
232 4491 543 4578 occidentalisque
559 4499 707 4561 remanet
722 4490 923 4576 uduorniuis,
950 4495 1081 4576 aparte
1098 4507 1176 4556 vero
1194 4487 1256 4552 ori-

119 4601 226 4671 entali
255 4607 349 4670 terre
372 4601 452 4690 filijs
469 4601 604 4670 Comitis
620 4599 752 4689 lpoliti,
777 4605 810 4668 et
826 4603 861 4668 in
888 4601 1004 4670 eadem
1031 4617 1119 4682 aqna
1135 4593 1252 4662 uduor-
