3116 5166
657 325 700 390 99

100 545 131 614 si
146 543 203 630 qui
218 543 337 612 tierent
354 541 397 610 ad
413 547 560 609 nostram
576 537 788 628 presenciam
807 537 851 606 ad
867 537 1036 606 terminum
1052 547 1236 626 compoten-

100 659 179 720 tem.
194 649 298 719 Iidem
309 650 421 736 itaque
430 645 619 734 Prepoeitus
631 653 664 713 et
676 645 863 714 conuentus
881 645 976 713 nobis
986 645 1234 732 rasoripseruuu

101 760 193 844 quod
216 759 366 846 prelatus
392 757 531 826 Iwanka
547 755 643 824 bomo
667 760 779 822 noster
810 753 870 822 sub
888 751 1032 821 eiusdem
1049 755 1237 826 (innuentus
1324 773 1329 790 ·

101 869 292 936 testimonio
310 867 432 936 dietam
458 871 581 933 terram
603 863 834 931 Mezeutaroha
853 863 1040 931 oonuoootis
1055 870 1089 932 et
1104 884 1237 950 presen-

101 975 191 1044 tibus
207 973 363 1046 omnibus
380 971 615 1042 nommetaueis
632 977 666 1040 et
681 971 797 1039 vieinis
814 970 1013 1039 restituisset
1029 978 1061 1038 et
1072 973 1238 1060 assignas-

104 1091 156 1153 set
172 1083 301 1152 eisdem
316 1075 475 1152 Mauricio
502 1087 535 1149 et
564 1080 698 1148 Andree
715 1077 896 1146 Oomitibus
913 1080 1002 1148 nullo
1019 1081 1149 1167 penitus
1165 1104 1239 1153 oon-

104 1192 284 1260 tradietore
311 1191 483 1260 existente.
509 1191 579 1257 Nus
596 1189 696 1274 igitur
713 1185 934 1256 consideratis
950 1191 1126 1258 eorundem
1144 1194 1240 1262 Mau-

107 1300 183 1368 rioii
208 1307 242 1368 et
267 1299 398 1369 Andree
416 1297 578 1366 Comitum
604 1295 754 1365 seruioiis
770 1295 958 1383 meritoriis,
976 1317 1038 1383 que
1055 1299 1150 1369 uobis
1168 1321 1240 1370 oum

107 1407 199 1476 omni
214 1406 371 1476 fidelitate
395 1403 615 1475 laudabiliter
631 1405 665 1474 in
681 1403 822 1472 diuersis
838 1404 1107 1490 expedicionibus
1122 1408 1242 1479 nostris

108 1515 359 1602 impenderunt,
386 1521 599 1584 memoratam
617 1524 740 1583 terram
757 1515 986 1583 Mezeutareba
1001 1525 1152 1586 uocatam
1169 1540 1241 1587 cum

109 1624 259 1693 omnibus
283 1623 494 1712 pertinenciis
520 1629 554 1693 et
569 1623 766 1690 utilitatibus
794 1623 861 1692 suis
878 1623 1050 1710 uniuersis,
1068 1627 1128 1694 sub
1145 1629 1241 1696 metis

108 1733 278 1802 ueteribus
295 1738 327 1800 et
343 1733 486 1815 antiquis
503 1731 711 1816 contulimus,
731 1731 884 1799 dedimus
902 1737 934 1798 et
951 1732 1143 1805 donabimus
1160 1735 1242 1822 ipsis

105 1841 269 1910 Maurioio
285 1845 317 1909 et
332 1841 465 1909 Andree
482 1840 660 1909 (inmitibus
671 1861 711 1908 ao
723 1859 834 1908 eorum
845 1837 1028 1924 heredibus,
1046 1861 1155 1928 ymmo
1171 1847 1241 1912 ool-

108 1949 273 2016 laoionem
299 1949 424 2018 eisdem
449 1946 570 2015 dudum
600 1948 723 2016 laetam
740 1947 1000 2017 confirmabimus
1016 1959 1172 2035 perpetuo
1187 1974 1244 2023 va·

107 2057 210 2126 litore
226 2056 420 2124 donacionis
446 2055 541 2123 titulo
568 2055 815 2143 possidendam.
831 2057 869 2122 ln
885 2057 975 2125 ouius
990 2058 1038 2123 rei
1054 2061 1245 2128 memoriam

108 2166 365 2251 firmitatemque
381 2169 573 2254 perpetuam
600 2170 774 2249 presentes
797 2165 1017 2234 ooneessimus
1035 2163 1163 2236 litteras
1180 2167 1244 2236 du-

108 2274 210 2362 plicis
235 2274 338 2359 sigilii
364 2273 468 2342 nostrl
493 2274 670 2340 munimine
698 2271 882 2341 roboratas.
908 2275 1030 2340 Datum
1056 2293 1115 2360 per
1132 2297 1246 2348 manus

107 2382 315 2452 venerabilis
330 2381 393 2451 viri
408 2381 558 2469 magistri
568 2381 697 2450 Nieoiai
714 2381 869 2450 Albensis
885 2379 1033 2450 Euolesie
1043 2383 1158 2468 Eleoti,
1170 2389 1246 2456 aule

107 2499 225 2562 nostre
241 2489 547 2575 vioe-cancellarii,
574 2489 688 2558 dilecti
706 2496 739 2557 et
755 2489 865 2559 tidelis
883 2489 994 2576 nostri,
1011 2509 1097 2560 anno
1115 2491 1248 2564 Domini

109 2600 164 2668 Μ’
180 2598 253 2669 00⁰
268 2599 379 2668 LXX⁰
395 2607 524 2685 ootauo,
541 2599 648 2686 Regni
664 2607 776 2668 autem
792 2600 894 2668 nostri
910 2618 996 2668 anno
1014 2599 1164 2685 septimo.

111 2814 268 2890 (Erodotie
281 2817 304 2872 t.
317 2831 359 2872 oz.
374 2813 498 2887 Almisy
510 2812 621 2872 Diones
635 2815 843 2888 sjtndekdnalr
855 2815 967 2889 solytdn
980 2837 998 2878 a
1011 2835 1130 2892 magyar
1144 2819 1248 2880 alredo-

440 2906 498 2964 mia
510 2902 634 2965 kdzirati
646 2905 935 2981 gyttjtemdnydben.)
