3116 5166
867 953 927 1019 80.

331 1154 396 1242 23).
411 1156 533 1242 Apdpc
549 1150 712 1238 Fiildpcck
727 1151 914 1238 meycnycds',
931 1151 1011 1238 bucy
1021 1162 1101 1216 beon
1116 1149 1288 1235 viddlcctct,
1307 1151 1463 1238 melyslcbs

331 1262 468 1352 apostoli
483 1261 607 1328 cuncti
623 1259 739 1327 kdldve
753 1283 830 1433 urzig}
851 1261 1010 1326 structor
1026 1263 1059 1324 c's
1073 1259 1228 1326 inndtclw
1251 1260 1280 1324 ic
1305 1259 1462 1325 seududon

831 1369 1008 1454 contincta.

439 1569 594 1638 Nicolsus
619 1567 806 1654 Episcopus
832 1583 947 1634 seruus
972 1585 1141 1634 seruorum
1169 1566 1250 1649 Dei,
1278 1566 1459 1635 venerabili

331 1679 426 1746 tratri
451 1678 603 1764 Philippo
629 1677 796 1763 Episcopo
821 1675 974 1744 Firmano
1001 1675 1193 1762 Apostolice
1209 1673 1306 1743 Sedis
1323 1676 1458 1759 Legato,

332 1788 471 1856 sslutcm
497 1793 529 1855 et
553 1785 779 1874 Apostoliosm
806 1783 1078 1852 benedictionem.
1106 1784 1187 1851 Onm
1203 1789 1237 1848 tc
1252 1783 1297 1850 cd
1314 1782 1458 1868 Ungsric

332 1915 372 1962 ao
398 1895 554 1980 Poionie,
571 1895 763 1976 Dalmatis,
791 1895 925 1962 Orontis
934 1943 944 1979 ,
960 1895 1084 1974 Rome,
1101 1893 1235 1976 Servio,
1252 1892 1455 1972 Lodomerio,

335 2003 459 2070 (inlitis
476 2009 509 2068 ct
525 2002 684 2070 Oumanis
699 2009 822 2089 partes,
839 2001 898 2069 tibi
915 2003 1089 2070 commisso
1105 2001 1189 2068 inibi
1205 1999 1303 2086 plene
1321 2001 1455 2084 logatio-

332 2111 384 2176 uis
400 2109 517 2194 officio,
534 2129 592 2198 pro
609 2111 801 2196 urgentibus
819 2117 853 2177 et
869 2108 980 2178 arduis
1006 2109 1148 2194 negotiis
1164 2107 1391 2190 destinemus,
1407 2131 1456 2176 vo·
1548 2169 1549 2172 ,

331 2218 437 2288 lentes
454 2226 489 2286 ut
505 2221 683 2288 commisso
699 2219 759 2286 tibi
776 2221 921 2304 negotio,
939 2219 1098 2287 submotis
1124 2217 1370 2304 impedimentis
1393 2218 1457 2302 qui·
1548 2227 1549 2230 ’

331 2326 485 2412 buslibet,
502 2328 640 2396 liberius
657 2334 690 2394 ct
707 2326 872 2396 efficacius
900 2327 1085 2412 exequaris,
1102 2327 1301 2394 fraternitati
1319 2333 1375 2392 tue
1391 2347 1457 2414 pre·

332 2436 471 2502 sentium
496 2437 693 2504 auctoritato
719 2435 950 2520 concedimus,
975 2441 1011 2500 nt
1026 2435 1054 2500 si
1071 2433 1172 2500 fueris
1189 2439 1302 2521 portes
1318 2435 1397 2500 itlus
1413 2436 1456 2500 in-

331 2561 476 2629 gressus,
503 2551 535 2610 ct
562 2544 734 2626 exaliqua
751 2564 853 2610 ceusu
870 2543 1059 2610 rationabili
1075 2541 1129 2610 vel
1145 2561 1185 2608 cx
1202 2543 1381 2627 improviso
1396 2544 1455 2610 for·

331 2671 393 2717 ssu
411 2659 539 2736 eventu,
558 2653 767 2736 postmodnm
792 2653 870 2718 illae
897 2653 1011 2738 sgrcdi
1037 2649 1172 2718 teforte
1188 2651 1363 2736 contigerit
1378 2661 1409 2720 et
1424 2655 1454 2719 in

331 2759 448 2832 vicinis
465 2760 613 2846 portibus
634 2762 839 2844 commorari,
858 2761 963 2848 possis
982 2762 1082 2828 semei
1109 2763 1226 2826 iterum
1252 2766 1285 2824 et
1310 2762 1456 2844 quotiens

331 2874 526 2952 oportunum
551 2867 667 2952 fuerit,
694 2871 860 2954 reingrcdi
887 2870 930 2937 sd
957 2871 1090 2938 eosdem
1102 2918 1111 2953 ,
1130 2877 1163 2935 ot
1179 2875 1247 2934 tom
1263 2869 1353 2938 intre
1370 2869 1457 2956 ipsos

334 2994 433 3058 quom
459 2981 564 3060 extro,
589 2977 753 3063 prefatum
771 2977 912 3045 officium
940 2985 973 3045 ct
999 2985 1112 3045 cetere
1128 2977 1188 3043 tibi
1204 2977 1385 3048 litterarum
1401 2999 1454 3044 no-

332 3089 473 3151 strornm
499 3087 696 3154 auctoritate
712 3088 896 3168 commisso,
923 3093 1079 3170 quantum
1108 3085 1152 3153 sd
1168 3087 1304 3170 negotia
1319 3089 1457 3174 partium

331 3192 567 3277 predictarum,
586 3193 672 3260 sicut
688 3193 843 3280 expedire
859 3193 990 3278 videris,
1008 3196 1041 3262 in
1057 3195 1207 3262 omnibns
1218 3213 1379 3263 exercerc.
1392 3195 1458 3261 Dn-

332 3307 398 3366 tnm
417 3301 555 3368 Vitcrbii
581 3301 624 3367 X.
643 3299 816 3369 Kcicndss
834 3301 1000 3388 Octobris,
1018 3301 1230 3370 Pontificatus
1248 3305 1355 3372 nostri
1372 3323 1480 3384 suno2

332 3427 445 3491 primo.

432 3619 492 3682 (Ill.
507 3621 612 3677 Mikros
626 3619 705 3693 pipo
722 3619 921 3694 Regosttibtl,
937 3623 1064 3680 Theiusr
1077 3623 1114 3681 id.
1129 3642 1164 3678 m.
1177 3626 1200 3682 Ι.
1212 3625 1241 3679 lr.
1254 3625 1316 3681 333.
1329 3621 1361 3694 l.)
