3154 5166
805 271 970 384 —er—o-

330 471 386 540 ria
409 469 558 541 veritatis
573 467 781 556 exorbitans,
798 471 991 543 dhnstiaua
1011 471 1171 558 religione
1185 473 1386 558 postposite,
1408 489 1440 538 se

328 599 399 649 eum
415 579 568 648 'lardaria
577 629 588 666 ,
604 577 819 662 Sarreeenis,
848 579 1022 666 Neugeriis
1031 630 1042 665 ,
1067 585 1100 646 et
1115 581 1257 665 paganis
1271 579 1443 666 dampnate

328 687 588 756 conversationis
607 686 751 754 audacie
766 685 861 754 teum
882 690 1042 756 meritur
1067 687 1294 773 contraxisse,
1319 694 1442 774 sumpta

327 815 442 865 norma
467 795 630 884 nepharia
654 796 845 882 spetialiter
872 795 1005 865 vivendi
1022 815 1096 863 eum
1110 796 1285 879 Naugeriis
1299 796 1442 882 supradi-
1560 883 1561 896 ἵ

326 907 400 992 etis,
415 926 455 975 ae
471 907 607 994 turpiter
631 912 666 973 et
680 905 886 993 impudenter
901 906 1035 974 abiecta
1050 903 1191 991 eouiuge
1206 907 1342 992 propria
1351 958 1361 992 ,
1384 906 1440 974 Re·
1560 957 1561 1030 ἦ

327 1016 460 1103 galibua
483 1017 596 1101 utique
620 1021 692 1083 orte
715 1015 885 1084 natalibus
912 1021 946 1084 et
969 1015 1106 1083 honeste
1131 1014 1394 1084 eonversationis
1407 1034 1444 1082 ee

326 1125 394 1192 rite
417 1125 520 1193 titulis
546 1123 715 1211 insignita,
743 1123 900 1193 videlieet
925 1123 1098 1194 uerissima
1114 1124 1149 1190 in
1164 1123 1293 1190 christo
1308 1122 1377 1192 tilia
1391 1144 1444 1192 no

325 1239 395 1302 stra
410 1234 447 1299 R.
457 1234 579 1302 illustri
589 1232 717 1318 Regina
729 1229 886 1318 ngarie,
907 1232 1080 1301 nmueliter
1101 1231 1231 1300 seriens
1243 1233 1277 1298 iu
1288 1253 1325 1301 se
1341 1233 1442 1318 ipsum

325 1347 360 1410 et
384 1339 515 1408 domum
531 1339 682 1428 Ungarie
693 1343 849 1426 inolitam,
866 1343 1011 1428 Regibus
1032 1341 1158 1429 pollere
1174 1339 1356 1410 Catholicis
1371 1359 1442 1408 eou-
1560 1345 1561 1392 i

326 1456 472 1536 suetam,
496 1449 627 1518 thorum
653 1447 768 1519 ledere
793 1471 858 1518 uon
879 1451 995 1517 metuit
1010 1449 1221 1536 euningalem
1238 1447 1272 1516 in
1288 1449 1443 1530 grandem
1560 1457 1561 1482 ³

325 1579 464 1648 superne
479 1559 666 1630 Maiestatis
692 1559 851 1629 offensam
862 1609 872 1644 ,
900 1579 1005 1645 grave
1030 1579 1091 1628 sne
1105 1558 1223 1626 salutis
1240 1557 1444 1644 dispendium

326 1678 358 1737 et
373 1669 568 1737 seandalnm
594 1669 738 1738 fidelium
763 1671 985 1758 plurimorum.
1012 1671 1082 1738 Nos
1106 1675 1215 1736 autem
1233 1669 1445 1752 equanimiter

324 1777 412 1844 ferre
427 1777 510 1845 talia
525 1783 559 1843 et
573 1784 641 1846 tam
657 1780 773 1866 gravia
793 1799 858 1846 nou
873 1782 1037 1866 valentes,
1054 1785 1089 1846 et
1105 1779 1273 1866 cupientes
1289 1797 1348 1864 per
1363 1777 1446 1862 Apo-

324 1884 440 1953 stoliae
465 1884 562 1954 Sedis
576 1887 818 1972 presidentium
835 1895 1031 1974 oportunum
1047 1907 1145 1974 super
1161 1886 1225 1954 hiis
1242 1884 1383 1956 Domino
1399 1884 1444 1952 tn·

324 2001 423 2063 vente
447 1993 625 2062 remedium
651 1995 812 2078 adhiberi,
838 1996 1062 2066 venerabilem
1089 1995 1221 2064 tratrem
1248 2000 1393 2062 nostrum
1409 1996 1445 2060 B.
1560 2059 1561 2084 ,

324 2101 523 2188 Episcopum
538 2104 762 2190 Rugubinnm,
789 2106 895 2174 virum
920 2107 1029 2190 utique
1056 2104 1230 2174 virtutibus
1255 2103 1445 2188 insignitum
1560 2103 1561 2170 l

323 2233 364 2280 ee
380 2213 475 2278 uubis
492 2219 525 2279 et
540 2213 697 2282 fratribus
714 2217 835 2283 nostris
853 2216 967 2283 merito
982 2234 1042 2283 sue
1068 2214 1247 2303 probitatis
1263 2219 1444 2298 acceptum,
1560 2245 1561 2282 r

324 2320 368 2388 ad
384 2322 529 2407 Regnum
547 2323 692 2406 ngarie
701 2374 710 2407 ,
739 2327 913 2392 commisso
938 2325 1002 2391 sibi
1023 2325 1123 2409 plene
1140 2323 1318 2410 legationis
1335 2320 1444 2389 officio
1560 2325 1561 2396 ᾗ

324 2429 357 2498 iu
374 2431 490 2498 eodem
501 2432 626 2516 Regno,
644 2452 705 2500 neo
721 2425 786 2500 non
802 2433 980 2518 Dalmatis,
997 2453 1059 2516 que
1075 2433 1220 2518 Ungarie
1233 2429 1380 2516 Regibus
1396 2449 1444 2497 so·
1560 2413 1561 2504 ἶ

323 2537 369 2607 let
385 2557 459 2608 esse
486 2541 655 2627 subiecta,
680 2541 832 2624 Austris,
862 2543 992 2628 Styrie,
1019 2541 1207 2620 Cerinthie,
1233 2540 1397 2607 Gumauie
1412 2547 1446 2606 et
1560 2533 1561 2538 ’

322 2645 433 2714 Busae
448 2648 608 2734 partibus,
624 2655 780 2734 unquam
797 2649 890 2734 paois
907 2651 1060 2736 angelum
1077 2651 1291 2732 destinemus,
1303 2647 1368 2714 sibi
1384 2667 1444 2735 per

323 2753 409 2824 alies
427 2755 556 2823 litteras
573 2766 704 2825 nostras
726 2757 882 2843 iniuncto,
900 2765 936 2825 nt
953 2758 981 2825 si
998 2759 1139 2842 Tartari,
1156 2757 1340 2839 Sarraceni,
1357 2757 1444 2822 Neu-

323 2861 404 2947 gerii
429 2868 462 2930 et
486 2864 609 2948 pagani
634 2865 766 2950 prefati,
785 2885 863 2933 snos
881 2874 1020 2934 eonatus
1037 2867 1214 2953 nepharius
1231 2871 1347 2932 eontra
1363 2864 1442 2932 fidei

322 2971 504 3039 orthodoxe
521 2972 661 3040 uultures
686 2992 841 3043 exeruere
868 2977 1134 3062 presumpserint,
1153 2993 1195 3041 ue
1211 2975 1357 3062 ipsorum
1374 2991 1446 3042 ern·

322 3077 442 3147 delites
459 3081 492 3146 in
510 3079 655 3148 eiusdem
673 3080 749 3149 fidei
767 3082 974 3170 dispendium
995 3085 1190 3166 invalescat,
1206 3083 1368 3150 adversus
1386 3099 1446 3150 eos

322 3195 356 3254 et
379 3187 463 3255 alios
489 3187 686 3258 adherentes
713 3191 841 3259 eisdem
867 3193 919 3257 vel
945 3191 1037 3276 ipsos
1061 3193 1095 3258 in
1117 3189 1180 3256 biis
1197 3189 1448 3274 quomodolibet
1560 3171 1561 3242 l

323 3295 534 3366 conterentes
543 3345 554 3380 ,
571 3297 798 3383 cuiuscumque
820 3299 1048 3386 preminentie,
1067 3298 1248 3384 dignitatis,
1264 3303 1370 3366 status
1387 3304 1449 3364 aut
1560 3271 1561 3330 ἕ

320 3402 514 3472 conditionis
540 3405 729 3492 extiterint,
754 3428 795 3474 au
821 3406 920 3474 etiam
948 3405 1247 3490 contraheretieos,
1264 3405 1382 3488 quide
1399 3403 1448 3471 di-

319 3513 425 3581 versis
441 3513 553 3582 muudi
569 3515 720 3601 partibus
737 3516 770 3580 in
786 3515 952 3582 nonnullis
982 3514 1065 3584 loeis
1082 3534 1141 3581 sue
1156 3512 1318 3599 legationi
1335 3513 1448 3582 subie-

321 3623 402 3706 etis,
418 3622 501 3689 sieut
516 3624 693 3707 asseritur,
712 3631 951 3709 convenerunt,
970 3621 1120 3692 omuibus
1140 3622 1262 3692 Christi
1287 3619 1448 3690 fidelibus

319 3750 377 3817 per
406 3729 554 3814 Regnum
570 3731 716 3819 ngarie
740 3733 964 3818 supradictum
990 3752 1031 3802 ae
1057 3730 1141 3798 elias
1158 3731 1245 3799 diete
1261 3729 1448 3813 legationis

319 3847 430 3926 partes
445 3859 505 3928 per
520 3859 568 3927 se,
584 3843 638 3912 vel
655 3861 716 3928 per
732 3843 831 3910 alium
846 3861 905 3910 seu
921 3842 1004 3911 alios
1025 3841 1160 3910 verbnm
1176 3839 1284 3907 erneis
1300 3838 1448 3908 sollicite
1560 3917 1561 3922 η

319 3967 501 4033 proponere
517 3947 666 4036 studeat,
693 3957 726 4020 et
748 3951 792 4020 ad
809 3971 882 4019 eam
898 3951 1057 4037 promptis
1073 3949 1193 4018 animis
1209 3948 1447 4018 assumendam

319 4056 536 4126 Christianum
552 4061 707 4147 populum
725 4061 904 4128 exhortari.
921 4063 1089 4145 Rogemus
1105 4059 1217 4142 itaque
1233 4057 1446 4126 nobilitatem
1560 4039 1561 4062 ³

320 4171 462 4234 vestram
473 4173 507 4236 et
521 4165 688 4237 bonumne
705 4172 740 4238 in
756 4169 823 4236 filio
839 4171 902 4238 Dei
916 4170 1030 4256 patris,
1046 4170 1080 4236 in
1097 4167 1325 4236 remissionem
1342 4167 1447 4236 vobis

318 4281 525 4361 pennatorum
541 4277 756 4364 iniungentes,
775 4284 935 4363 quatenus
951 4279 1162 4347 attendentes
1182 4275 1335 4362 sollieite,
1352 4275 1447 4361 quod

318 4401 377 4471 per
392 4383 454 4451 hoo
469 4391 583 4469 posset
599 4387 768 4458 catholieo
784 4387 861 4456 fidei
876 4409 942 4456 non
963 4386 1127 4456 modinum
1144 4386 1307 4474 deperire,
1324 4391 1449 4452 eouua

317 4491 485 4571 Tartaron,
502 4490 711 4579 Sarracenos,
726 4498 919 4581 Naugerius,
936 4514 1095 4583 paganos,
1113 4494 1330 4576 seismatioon,
1346 4493 1449 4560 here·

306 4597 400 4663 ,deos
418 4602 450 4662 et
464 4597 660 4670 adherentes
677 4603 849 4687 predictis,
871 4606 999 4690 prefato
1015 4607 1176 4693 Episcopo
1191 4622 1251 4688 pro
1268 4601 1393 4672 Divina
1413 4607 1449 4668 et
