3142 5170
854 361 1007 468 aa..

374 563 518 641 gerente,
534 554 692 623 maternis
708 555 981 639 allocutionibus,
1007 576 1048 623 ne
1074 558 1123 626 sic
1144 559 1267 625 clarum
1283 577 1418 644 german
1432 554 1479 622 de·

376 665 518 747 cideret,
544 663 733 731 informavit
757 664 864 749 ipsum
880 685 920 731 ac
937 666 1059 734 direxit
1075 665 1247 734 indefessis
1263 663 1480 734 sollicitudini-

375 774 435 842 bus
451 780 484 842 et
498 773 616 842 studiis
632 773 820 857 oportunis,
845 774 1035 860 specialiter
1060 793 1080 839 a
1101 783 1244 862 tempore
1261 773 1372 841 felicis
1389 789 1482 838 recor·

373 880 517 949 dationis
532 881 663 950 Nicolai
681 881 774 966 Papo
790 883 1033 966 predecessoris
1051 883 1164 966 nostri,
1184 891 1279 967 prout
1295 883 1402 967 ipsius
1418 899 1481 965 pre-

374 990 561 1060 decessoris
576 997 670 1058 actus
685 990 846 1059 salutiferi
857 997 1094 1076 representant.
1111 991 1187 1073 Sed,
1203 991 1395 1078 prohdolor,
1410 989 1483 1055 sicut

375 1098 516 1168 dirersis
542 1097 710 1184 scripturis
736 1108 769 1166 ct
792 1099 968 1176 relatibus,
994 1119 1033 1166 ac
1061 1101 1146 1166 alias
1177 1099 1265 1166 fama
1292 1097 1482 1183 divulgante,

374 1227 486 1276 aurare
502 1209 725 1294 percepimus,
751 1209 822 1292 ipse
848 1210 917 1274 Rex
942 1207 1081 1274 desertis
1106 1208 1345 1294 progenitorum
1363 1223 1484 1272 suorum

374 1314 536 1401 vestigiis,
551 1314 683 1383 fallibili
699 1315 878 1382 collusione
894 1314 1117 1400 degenerans,
1135 1316 1212 1382 licet
1227 1315 1394 1382 interdum
1410 1313 1483 1379 eius-

374 1423 449 1492 dem
465 1425 580 1490 matris
607 1421 889 1491 exhortationibus
914 1423 1123 1506 acquiescere
1138 1441 1194 1491 ore
1210 1421 1431 1508 protenderet,
1446 1427 1485 1484 to-

374 1554 448 1628 men
475 1533 510 1599 in
534 1532 660 1600 ruinam
686 1538 804 1618 sponte
829 1533 981 1618 prosilire
997 1533 1188 1616 dinoscitur,
1205 1534 1281 1600 dum
1297 1532 1406 1598 Deum
1422 1547 1484 1594 oon-

374 1649 543 1726 tempnere
570 1659 635 1706 uon
659 1648 806 1724 veretur,
834 1642 889 1707 vel
904 1641 1048 1710 revereri
1074 1640 1290 1724 contempnit,
1307 1645 1340 1703 et
1356 1637 1442 1705 alias
1456 1634 1485 1698 in

375 1747 582 1835 precipitium
609 1765 646 1814 se
672 1749 835 1834 devolvit,
876 1750 1126 1818 destructionem
1152 1749 1240 1815 fame
1265 1745 1400 1833 proprie
1431 1763 1487 1809 uon
1558 1775 1559 1792 2

365 1877 577 1944 aspernans,
594 1856 683 1924 cuius
699 1859 888 1925 notabiliter
903 1858 1075 1944 prodigus,
1092 1857 1217 1943 positus
1233 1863 1284 1922 est
1299 1856 1332 1920 in
1347 1853 1486 1920 notabile
1559 1896 1561 1920 ι

1557 1931 1562 2177 l

374 1965 596 2052 spectaculum
622 1965 775 2048 gentibus
787 2015 796 2050 ,
823 1972 858 2032 ut
884 1973 1041 2051 tanquam
1068 1965 1261 2032 criminosus
1288 1968 1486 2029 mercatura

373 2075 510 2160 siugulis
525 2074 696 2158 denotari3
722 2093 782 2158 pro
799 2091 839 2140 eo
857 2076 1008 2159 maxime,
1024 2073 1111 2158 quod
1126 2073 1285 2155 religione
1301 2071 1485 2138 Christiana

372 2181 568 2270 postposita,
584 2184 637 2250 vol
654 2181 762 2267 potius
778 2183 921 2268 abiecta,
946 2183 980 2248 iu
1008 2189 1195 2268 contemptu
1221 2179 1330 2246 Divini
1348 2179 1483 2246 nominis

373 2309 409 2356 se
426 2308 498 2357 cum
513 2288 671 2373 Tamaris,
688 2291 904 2376 sarracenis,
932 2292 1103 2377 Naugeriis
1129 2297 1162 2356 et
1185 2291 1332 2372 Paganis
1358 2307 1484 2354 conver-

373 2399 503 2466 satione
520 2397 702 2485 dampnata
718 2396 986 2468 confederare'se
1003 2399 1120 2466 dicitur
1129 2449 1138 2482 ‚
1155 2399 1344 2484 specialiter
1361 2395 1486 2463 vivendi

372 2527 446 2574 cnm
462 2506 587 2575 eisdem
602 2506 785 2592 Naugeriis
801 2527 915 2575 norma
931 2515 1081 2592 sumpta,
1109 2519 1141 2572 et
1166 2506 1307 2590 abiecta,
1324 2507 1419 2572 immo
1434 2522 1485 2589 po-

372 2615 437 2684 tius
453 2615 577 2682 carceri
592 2613 713 2681 tradita
729 2615 914 2682 immaniter
941 2619 1043 2682 uxore
1059 2615 1203 2700 propria,
1220 2613 1375 2682 videlicet
1390 2612 1483 2678 caris·

372 2723 456 2794 sima
471 2723 505 2790 in
521 2723 651 2793 Christo
667 2721 734 2805 lilia
750 2729 864 2791 nostra
881 2723 920 2788 R.
937 2723 1063 2808 Regina
1080 2721 1225 2807 Ungarie
1242 2721 1377 2805 illustri,
1393 2721 1485 2788 dese-

372 2832 465 2896 vieus
481 2832 517 2897 in
532 2851 569 2899 se
584 2831 690 2916 ipsum
707 2837 740 2896 et
755 2830 892 2913 Regiam
911 2831 1044 2898 domum
1060 2829 1223 2914 Ungarie,
1242 2849 1306 2913 que
1323 2827 1485 2896 consueuit

370 2938 470 3005 claris
494 2939 693 3024 germinibus
718 2937 916 3024 fecundare,
943 2942 976 3006 in
1001 2939 1106 3024 ipsius
1133 2939 1247 3005 domus
1265 2937 1484 3004 exterminium

278 3113 285 3120 ,
371 3047 501 3115 thorum
526 3047 641 3114 fedare
666 3066 731 3112 non
757 3047 873 3112 metuit
898 3045 1115 3130 coniugalem,
1139 3047 1263 3129 sicque,
1279 3047 1308 3112 si
1325 3044 1486 3130 premissis

371 3156 492 3223 veritas
517 3155 734 3238 suffragatur,
762 3151 853 3238 degit
877 3153 1002 3220 Divina
1017 3160 1050 3218 et
1065 3153 1211 3220 humana
1227 3155 1301 3237 lege
1320 3154 1409 3219 vetiti
1424 3152 1481 3217 cri-

372 3263 468 3332 minis
492 3263 569 3330 labe
594 3263 738 3348 pollutus
763 3261 797 3328 in
822 3261 1018 3328 scandalum
1043 3261 1219 3344 hominum,
1245 3269 1279 3327 et
1294 3262 1440 3330 redditur
1453 3261 1486 3325 in

372 3375 550 3460 conspectu
559 3371 705 3456 supremi
714 3370 853 3437 nominis
864 3366 951 3456 (lgy)
963 3369 1205 3439 odiosus.Vnde
1215 3391 1286 3436 cum
1298 3392 1340 3438 ex
1349 3372 1484 3436 iniuncto

371 3481 530 3570 pastorali
556 3481 649 3548 nobis
675 3479 784 3548 officio
819 3479 1000 3548 animarum
1028 3500 1139 3547 curam
1165 3499 1280 3562 gerere
1310 3487 1480 3561 teneamur,

372 3593 523 3660 dolentes
548 3596 581 3658 et
597 3592 731 3666 merito,
757 3589 785 3655 si
810 3590 908 3656 talem
935 3589 976 3654 de
1002 3589 1150 3675 predicto
1168 3589 1258 3674 Rege
1274 3588 1415 3656 reddere
1430 3609 1482 3654 uos

324 3772 327 3784 ,
371 3703 543 3787 contingat
557 3701 591 3766 in
607 3699 760 3768 examine
776 3699 909 3783 superni
921 3697 1037 3782 Judicii
1052 3697 1233 3784 rationem,
1259 3703 1291 3767 et
1309 3699 1484 3784 cupientes,

370 3819 408 3878 ut
433 3811 551 3879 salutis
577 3811 681 3876 vitato
709 3809 887 3893 dispendio
899 3857 908 3892 ,
935 3809 1109 3874 electorum
1134 3809 1312 3892 aggregari
1329 3807 1485 3873 consortio

371 3925 553 4003 mereatur;
580 3919 777 3986 fraternitati
803 3927 867 4000 tue,
893 3919 934 3984 de
960 3913 1051 3983 ouius
1077 3916 1371 4003 circumspectione
1388 3935 1427 3981 ac
1441 3935 1490 3980 er·

371 4027 518 4096 aminata
542 4027 704 4113 probitate
730 4024 942 4108 confidimus,
968 4026 1166 4110 iniungimus
1187 4078 1197 4111 ,
1214 4026 1300 4092 utin
1318 4025 1383 4092 hac
1400 4033 1492 4111 parte

373 4137 469 4204 datas
494 4136 555 4203 tihi
579 4157 601 4204 a
627 4136 767 4204 Domino
792 4138 929 4203 virtutes
946 4153 1114 4218 exercens,
1131 4133 1316 4222 predictum
1332 4137 1459 4218 Regem
1477 4149 1494 4192 ι

373 4245 422 4312 sic
436 4245 621 4330 nephandis
637 4243 801 4312 erroribus
827 4244 995 4326 retrahas,
1023 4251 1055 4310 et
1068 4243 1114 4312 ad
1130 4244 1217 4311 viam
1234 4243 1417 4312 salutarem
1434 4247 1495 4310 stu·

373 4352 469 4422 diosa
484 4355 675 4440 operatione
690 4353 841 4422 reducas.
870 4353 1031 4433 Quocirca
1048 4353 1247 4421 fraternitati
1262 4361 1317 4420 tue
1332 4373 1394 4440 per
1414 4355 1498 4435 Apo·

373 4466 492 4533 stolioa
514 4463 636 4548 scripta
651 4463 865 4548 mandamus,
883 4471 1045 4546 quatenus
1062 4465 1089 4528 si
1105 4463 1211 4530 dictus
1227 4465 1297 4530 Rex
1313 4462 1501 4548 predictam

372 4574 530 4657 Reginam
545 4593 714 4641 coarcere
730 4575 905 4642 liberatam
921 4593 1092 4661 resumere,
1111 4595 1152 4642 ac
1168 4586 1203 4642 ut
1219 4572 1417 4660 predicitur,
1432 4581 1502 4639 tute

371 4689 515 4748 tractare
530 4681 679 4766 uoluerit,
697 4688 733 4749 tu
749 4687 881 4752 eumad
906 4681 938 4748 id
955 4703 1203 4768 percensuram
1221 4683 1504 4753 ecclesiasticam
