<?xml version="1.0" encoding="UTF-8"?>
<!DOCTYPE html PUBLIC "-//W3C//DTD XHTML 1.0 Transitional//EN"
    "http://www.w3.org/TR/xhtml1/DTD/xhtml1-transitional.dtd">
<html xmlns="http://www.w3.org/1999/xhtml" xml:lang="en" lang="en">
 <head>
  <title>
</title>
<meta http-equiv="Content-Type" content="text/html;charset=utf-8" />
  <meta name='ocr-system' content='tesseract 3.04.00' />
  <meta name='ocr-capabilities' content='ocr_page ocr_carea ocr_par ocr_line ocrx_word'/>
</head>
<body>
  <div class='ocr_page' id='page_1' title='image "./codexdiplomatic08wenzgoog_0372.png"; bbox 0 0 3142 5170; ppageno 0'>
   <div class='ocr_carea' id='block_1_1' title="bbox 793 295 951 398">
    <p class='ocr_par' dir='ltr' id='par_1_1' title="bbox 793 295 951 398">
     <span class='ocr_line' id='line_1_1' title="bbox 793 295 951 398; baseline -0.025 0"><span class='ocrx_word' id='word_1_1' title='bbox 793 295 951 398; x_wconf 57' lang='lat' dir='ltr'>me-</span> 
     </span>
    </p>
   </div>
   <div class='ocr_carea' id='block_1_2' title="bbox 311 495 1436 2112">
    <p class='ocr_par' dir='ltr' id='par_1_2' title="bbox 311 495 1436 2112">
     <span class='ocr_line' id='line_1_2' title="bbox 312 495 1434 586; baseline -0.004 -20"><span class='ocrx_word' id='word_1_2' title='bbox 312 500 430 586; x_wconf 80' lang='lat' dir='ltr'>digne,</span> <span class='ocrx_word' id='word_1_3' title='bbox 457 517 497 563; x_wconf 87' lang='lat' dir='ltr'>ex</span> <span class='ocrx_word' id='word_1_4' title='bbox 522 503 617 584; x_wconf 88' lang='lat' dir='ltr'>parte</span> <span class='ocrx_word' id='word_1_5' title='bbox 644 496 790 564; x_wconf 89' lang='lat' dir='ltr'>eiusdem</span> <span class='ocrx_word' id='word_1_6' title='bbox 807 497 956 564; x_wconf 79' lang='lat' dir='ltr'>Ecclesie</span> <span class='ocrx_word' id='word_1_7' title='bbox 974 495 1239 582; x_wconf 77' lang='lat' dir='ltr'>wesprimiensis</span> <span class='ocrx_word' id='word_1_8' title='bbox 1257 497 1288 562; x_wconf 95' lang='lat' dir='ltr'>in</span> <span class='ocrx_word' id='word_1_9' title='bbox 1306 497 1434 582; x_wconf 82' lang='lat' dir='ltr'>largici-</span> 
     </span>
     <span class='ocr_line' id='line_1_3' title="bbox 311 605 1434 695; baseline -0.006 -18"><span class='ocrx_word' id='word_1_10' title='bbox 311 629 384 695; x_wconf 87' lang='lat' dir='ltr'>one,</span> <span class='ocrx_word' id='word_1_11' title='bbox 395 614 428 676; x_wconf 92' lang='lat' dir='ltr'>et</span> <span class='ocrx_word' id='word_1_12' title='bbox 437 607 618 675; x_wconf 88' lang='lat' dir='ltr'>collacione</span> <span class='ocrx_word' id='word_1_13' title='bbox 635 607 794 674; x_wconf 88' lang='lat' dir='ltr'>bonorum</span> <span class='ocrx_word' id='word_1_14' title='bbox 803 607 1041 692; x_wconf 87' lang='lat' dir='ltr'>temporalium,</span> <span class='ocrx_word' id='word_1_15' title='bbox 1058 615 1205 692; x_wconf 88' lang='lat' dir='ltr'>tempore</span> <span class='ocrx_word' id='word_1_16' title='bbox 1221 605 1434 674; x_wconf 71' lang='lat' dir='ltr'>necessitatis</span> 
     </span>
     <span class='ocr_line' id='line_1_4' title="bbox 312 713 1435 802; baseline -0.003 -20"><span class='ocrx_word' id='word_1_17' title='bbox 312 724 422 788; x_wconf 91' lang='lat' dir='ltr'>nostre</span> <span class='ocrx_word' id='word_1_18' title='bbox 445 715 607 784; x_wconf 88' lang='lat' dir='ltr'>beneficia</span> <span class='ocrx_word' id='word_1_19' title='bbox 632 721 665 782; x_wconf 92' lang='lat' dir='ltr'>et</span> <span class='ocrx_word' id='word_1_20' title='bbox 689 713 848 784; x_wconf 81' lang='lat' dir='ltr'>donatiuo</span> <span class='ocrx_word' id='word_1_21' title='bbox 873 715 1055 802; x_wconf 77' lang='lat' dir='ltr'>recepimus</span> <span class='ocrx_word' id='word_1_22' title='bbox 1080 715 1226 799; x_wconf 85' lang='lat' dir='ltr'>infinita,</span> <span class='ocrx_word' id='word_1_23' title='bbox 1248 714 1355 802; x_wconf 82' lang='lat' dir='ltr'>ipsam</span> <span class='ocrx_word' id='word_1_24' title='bbox 1374 720 1435 779; x_wconf 91' lang='lat' dir='ltr'>ter·</span> 
     </span>
     <span class='ocr_line' id='line_1_5' title="bbox 312 821 1435 912; baseline -0.004 -20"><span class='ocrx_word' id='word_1_25' title='bbox 312 846 382 892; x_wconf 86' lang='lat' dir='ltr'>ram</span> <span class='ocrx_word' id='word_1_26' title='bbox 411 826 453 894; x_wconf 89' lang='lat' dir='ltr'>de</span> <span class='ocrx_word' id='word_1_27' title='bbox 480 827 606 912; x_wconf 87' lang='lat' dir='ltr'>Beren,</span> <span class='ocrx_word' id='word_1_28' title='bbox 632 824 726 892; x_wconf 88' lang='lat' dir='ltr'>simul</span> <span class='ocrx_word' id='word_1_29' title='bbox 754 844 826 892; x_wconf 85' lang='lat' dir='ltr'>cum</span> <span class='ocrx_word' id='word_1_30' title='bbox 853 823 924 892; x_wconf 88' lang='lat' dir='ltr'>suis</span> <span class='ocrx_word' id='word_1_31' title='bbox 939 824 1155 907; x_wconf 80' lang='lat' dir='ltr'>utilitatibus,</span> <span class='ocrx_word' id='word_1_32' title='bbox 1172 835 1204 892; x_wconf 91' lang='lat' dir='ltr'>et</span> <span class='ocrx_word' id='word_1_33' title='bbox 1220 821 1435 910; x_wconf 88' lang='lat' dir='ltr'>pcrtinenoijs</span> 
     </span>
     <span class='ocr_line' id='line_1_6' title="bbox 314 931 1434 1020; baseline -0.009 -16"><span class='ocrx_word' id='word_1_34' title='bbox 314 935 485 1019; x_wconf 86' lang='lat' dir='ltr'>ruiuersis,</span> <span class='ocrx_word' id='word_1_35' title='bbox 502 933 608 1002; x_wconf 85' lang='lat' dir='ltr'>vineis</span> <span class='ocrx_word' id='word_1_36' title='bbox 625 934 753 1002; x_wconf 87' lang='lat' dir='ltr'>scilicet</span> <span class='ocrx_word' id='word_1_37' title='bbox 766 939 800 1000; x_wconf 90' lang='lat' dir='ltr'>et</span> <span class='ocrx_word' id='word_1_38' title='bbox 819 934 909 1020; x_wconf 77' lang='lat' dir='ltr'>aliis,</span> <span class='ocrx_word' id='word_1_39' title='bbox 936 933 1082 1019; x_wconf 86' lang='lat' dir='ltr'>ipsorum</span> <span class='ocrx_word' id='word_1_40' title='bbox 1098 931 1324 1001; x_wconf 88' lang='lat' dir='ltr'>beneficiorum</span> <span class='ocrx_word' id='word_1_41' title='bbox 1341 949 1434 998; x_wconf 79' lang='lat' dir='ltr'>acce·</span> 
     </span>
     <span class='ocr_line' id='line_1_7' title="bbox 311 1040 1434 1131; baseline -0.004 -23"><span class='ocrx_word' id='word_1_42' title='bbox 311 1049 440 1131; x_wconf 89' lang='lat' dir='ltr'>ptorum</span> <span class='ocrx_word' id='word_1_43' title='bbox 457 1044 489 1109; x_wconf 94' lang='lat' dir='ltr'>in</span> <span class='ocrx_word' id='word_1_44' title='bbox 506 1042 851 1130; x_wconf 75' lang='lat' dir='ltr'>recompensacionem</span> <span class='ocrx_word' id='word_1_45' title='bbox 864 1042 1063 1110; x_wconf 88' lang='lat' dir='ltr'>meritoriam</span> <span class='ocrx_word' id='word_1_46' title='bbox 1075 1052 1108 1108; x_wconf 86' lang='lat' dir='ltr'>et</span> <span class='ocrx_word' id='word_1_47' title='bbox 1119 1041 1326 1127; x_wconf 79' lang='lat' dir='ltr'>condignam,</span> <span class='ocrx_word' id='word_1_48' title='bbox 1339 1040 1434 1106; x_wconf 89' lang='lat' dir='ltr'>sicuti</span> 
     </span>
     <span class='ocr_line' id='line_1_8' title="bbox 311 1150 1435 1238; baseline -0.002 -20"><span class='ocrx_word' id='word_1_49' title='bbox 311 1159 423 1220; x_wconf 90' lang='lat' dir='ltr'>nostro</span> <span class='ocrx_word' id='word_1_50' title='bbox 440 1153 613 1238; x_wconf 83' lang='lat' dir='ltr'>privilegio</span> <span class='ocrx_word' id='word_1_51' title='bbox 629 1156 825 1237; x_wconf 82' lang='lat' dir='ltr'>continetur,</span> <span class='ocrx_word' id='word_1_52' title='bbox 838 1152 946 1220; x_wconf 91' lang='lat' dir='ltr'>eidem</span> <span class='ocrx_word' id='word_1_53' title='bbox 961 1151 1122 1232; x_wconf 78' lang='lat' dir='ltr'>Ecclesia,</span> <span class='ocrx_word' id='word_1_54' title='bbox 1139 1151 1266 1220; x_wconf 87' lang='lat' dir='ltr'>scilicet</span> <span class='ocrx_word' id='word_1_55' title='bbox 1279 1150 1326 1218; x_wconf 88' lang='lat' dir='ltr'>ad</span> <span class='ocrx_word' id='word_1_56' title='bbox 1344 1167 1435 1216; x_wconf 81' lang='lat' dir='ltr'>usum</span> 
     </span>
     <span class='ocr_line' id='line_1_9' title="bbox 311 1257 1435 1347; baseline -0.005 -19"><span class='ocrx_word' id='word_1_57' title='bbox 311 1269 344 1328; x_wconf 95' lang='lat' dir='ltr'>et</span> <span class='ocrx_word' id='word_1_58' title='bbox 360 1259 595 1347; x_wconf 75' lang='lat' dir='ltr'>proprietatem</span> <span class='ocrx_word' id='word_1_59' title='bbox 614 1259 776 1347; x_wconf 86' lang='lat' dir='ltr'>Prepesiti</span> <span class='ocrx_word' id='word_1_60' title='bbox 802 1265 835 1328; x_wconf 91' lang='lat' dir='ltr'>et</span> <span class='ocrx_word' id='word_1_61' title='bbox 860 1260 1004 1347; x_wconf 78' lang='lat' dir='ltr'>Capituli</span> <span class='ocrx_word' id='word_1_62' title='bbox 1030 1259 1147 1345; x_wconf 88' lang='lat' dir='ltr'>ipsius,</span> <span class='ocrx_word' id='word_1_63' title='bbox 1172 1261 1311 1346; x_wconf 88' lang='lat' dir='ltr'>primam</span> <span class='ocrx_word' id='word_1_64' title='bbox 1337 1257 1435 1326; x_wconf 87' lang='lat' dir='ltr'>dona-</span> 
     </span>
     <span class='ocr_line' id='line_1_10' title="bbox 312 1371 1435 1456; baseline -0.004 -20"><span class='ocrx_word' id='word_1_65' title='bbox 312 1371 438 1438; x_wconf 91' lang='lat' dir='ltr'>cionem</span> <span class='ocrx_word' id='word_1_66' title='bbox 455 1376 603 1439; x_wconf 87' lang='lat' dir='ltr'>nostram</span> <span class='ocrx_word' id='word_1_67' title='bbox 620 1371 662 1439; x_wconf 87' lang='lat' dir='ltr'>de</span> <span class='ocrx_word' id='word_1_68' title='bbox 679 1371 793 1438; x_wconf 89' lang='lat' dir='ltr'>eadem</span> <span class='ocrx_word' id='word_1_69' title='bbox 811 1371 932 1440; x_wconf 84' lang='lat' dir='ltr'>factam</span> <span class='ocrx_word' id='word_1_70' title='bbox 948 1373 1165 1456; x_wconf 82' lang='lat' dir='ltr'>innovantes,</span> <span class='ocrx_word' id='word_1_71' title='bbox 1181 1371 1387 1440; x_wconf 84' lang='lat' dir='ltr'>ratificsntes</span> <span class='ocrx_word' id='word_1_72' title='bbox 1403 1374 1435 1434; x_wconf 92' lang='lat' dir='ltr'>et</span> 
     </span>
     <span class='ocr_line' id='line_1_11' title="bbox 312 1479 1434 1567; baseline -0.001 -22"><span class='ocrx_word' id='word_1_73' title='bbox 312 1481 556 1566; x_wconf 84' lang='lat' dir='ltr'>approbantes,</span> <span class='ocrx_word' id='word_1_74' title='bbox 574 1480 681 1547; x_wconf 89' lang='lat' dir='ltr'>denuo</span> <span class='ocrx_word' id='word_1_75' title='bbox 697 1479 849 1549; x_wconf 84' lang='lat' dir='ltr'>duximus</span> <span class='ocrx_word' id='word_1_76' title='bbox 866 1480 1030 1567; x_wconf 85' lang='lat' dir='ltr'>presentis</span> <span class='ocrx_word' id='word_1_77' title='bbox 1054 1480 1167 1566; x_wconf 91' lang='lat' dir='ltr'>scripti</span> <span class='ocrx_word' id='word_1_78' title='bbox 1184 1479 1369 1564; x_wconf 84' lang='lat' dir='ltr'>patrocinio</span> <span class='ocrx_word' id='word_1_79' title='bbox 1385 1497 1434 1545; x_wconf 93' lang='lat' dir='ltr'>ro-</span> 
     </span>
     <span class='ocr_line' id='line_1_12' title="bbox 311 1587 1435 1674; baseline -0.002 -20"><span class='ocrx_word' id='word_1_80' title='bbox 311 1587 506 1668; x_wconf 87' lang='lat' dir='ltr'>borandam,</span> <span class='ocrx_word' id='word_1_81' title='bbox 522 1597 554 1654; x_wconf 87' lang='lat' dir='ltr'>et</span> <span class='ocrx_word' id='word_1_82' title='bbox 570 1590 693 1674; x_wconf 84' lang='lat' dir='ltr'>pariter</span> <span class='ocrx_word' id='word_1_83' title='bbox 708 1589 986 1672; x_wconf 87' lang='lat' dir='ltr'>confirmandam,</span> <span class='ocrx_word' id='word_1_84' title='bbox 1014 1587 1139 1656; x_wconf 86' lang='lat' dir='ltr'>mixtim</span> <span class='ocrx_word' id='word_1_85' title='bbox 1155 1608 1228 1656; x_wconf 90' lang='lat' dir='ltr'>cum</span> <span class='ocrx_word' id='word_1_86' title='bbox 1244 1588 1323 1672; x_wconf 86' lang='lat' dir='ltr'>aiijs</span> <span class='ocrx_word' id='word_1_87' title='bbox 1339 1587 1435 1656; x_wconf 89' lang='lat' dir='ltr'>terris</span> 
     </span>
     <span class='ocr_line' id='line_1_13' title="bbox 312 1696 1435 1783; baseline -0.004 -17"><span class='ocrx_word' id='word_1_88' title='bbox 312 1697 459 1783; x_wconf 88' lang='lat' dir='ltr'>ejusdem</span> <span class='ocrx_word' id='word_1_89' title='bbox 486 1698 633 1765; x_wconf 76' lang='lat' dir='ltr'>Ecclesie</span> <span class='ocrx_word' id='word_1_90' title='bbox 657 1701 690 1765; x_wconf 94' lang='lat' dir='ltr'>in</span> <span class='ocrx_word' id='word_1_91' title='bbox 718 1698 834 1766; x_wconf 87' lang='lat' dir='ltr'>eodem</span> <span class='ocrx_word' id='word_1_92' title='bbox 851 1697 1013 1765; x_wconf 88' lang='lat' dir='ltr'>territorio</span> <span class='ocrx_word' id='word_1_93' title='bbox 1038 1698 1080 1764; x_wconf 83' lang='lat' dir='ltr'>cle</span> <span class='ocrx_word' id='word_1_94' title='bbox 1105 1701 1208 1764; x_wconf 91' lang='lat' dir='ltr'>Beren</span> <span class='ocrx_word' id='word_1_95' title='bbox 1225 1696 1435 1780; x_wconf 89' lang='lat' dir='ltr'>constitutis;</span> 
     </span>
     <span class='ocr_line' id='line_1_14' title="bbox 311 1805 1436 1894; baseline -0.004 -19"><span class='ocrx_word' id='word_1_96' title='bbox 311 1807 462 1875; x_wconf 91' lang='lat' dir='ltr'>omnibus</span> <span class='ocrx_word' id='word_1_97' title='bbox 478 1805 610 1894; x_wconf 91' lang='lat' dir='ltr'>populis</span> <span class='ocrx_word' id='word_1_98' title='bbox 628 1807 844 1892; x_wconf 81' lang='lat' dir='ltr'>Reginalibus</span> <span class='ocrx_word' id='word_1_99' title='bbox 860 1806 902 1874; x_wconf 87' lang='lat' dir='ltr'>dc</span> <span class='ocrx_word' id='word_1_100' title='bbox 920 1807 1037 1876; x_wconf 84' lang='lat' dir='ltr'>eadem</span> <span class='ocrx_word' id='word_1_101' title='bbox 1053 1814 1141 1874; x_wconf 86' lang='lat' dir='ltr'>terra</span> <span class='ocrx_word' id='word_1_102' title='bbox 1157 1811 1282 1890; x_wconf 89' lang='lat' dir='ltr'>Bercn,</span> <span class='ocrx_word' id='word_1_103' title='bbox 1305 1825 1436 1874; x_wconf 86' lang='lat' dir='ltr'>mouere</span> 
     </span>
     <span class='ocr_line' id='line_1_15' title="bbox 311 1913 1435 2002; baseline 0 -22"><span class='ocrx_word' id='word_1_104' title='bbox 311 1915 575 1984; x_wconf 83' lang='lat' dir='ltr'>machinantibus</span> <span class='ocrx_word' id='word_1_105' title='bbox 600 1917 827 2000; x_wconf 86' lang='lat' dir='ltr'>questionem,</span> <span class='ocrx_word' id='word_1_106' title='bbox 863 1915 1059 1984; x_wconf 87' lang='lat' dir='ltr'>anctoritate</span> <span class='ocrx_word' id='word_1_107' title='bbox 1086 1913 1291 2000; x_wconf 87' lang='lat' dir='ltr'>presencium</span> <span class='ocrx_word' id='word_1_108' title='bbox 1322 1934 1435 2002; x_wconf 91' lang='lat' dir='ltr'>perpe-</span> 
     </span>
     <span class='ocr_line' id='line_1_16' title="bbox 311 2023 1433 2112; baseline 0 -24"><span class='ocrx_word' id='word_1_109' title='bbox 311 2030 399 2090; x_wconf 87' lang='lat' dir='ltr'>tuum</span> <span class='ocrx_word' id='word_1_110' title='bbox 426 2024 596 2090; x_wconf 90' lang='lat' dir='ltr'>silcncinm</span> <span class='ocrx_word' id='word_1_111' title='bbox 613 2025 819 2112; x_wconf 86' lang='lat' dir='ltr'>inponentes.</span> <span class='ocrx_word' id='word_1_112' title='bbox 845 2025 886 2090; x_wconf 90' lang='lat' dir='ltr'>Vt</span> <span class='ocrx_word' id='word_1_113' title='bbox 908 2023 1009 2106; x_wconf 77' lang='lat' dir='ltr'>igitur</span> <span class='ocrx_word' id='word_1_114' title='bbox 1024 2023 1122 2106; x_wconf 87' lang='lat' dir='ltr'>hujus</span> <span class='ocrx_word' id='word_1_115' title='bbox 1138 2029 1251 2090; x_wconf 68' lang='lat' dir='ltr'>nosue</span> <span class='ocrx_word' id='word_1_116' title='bbox 1267 2023 1433 2088; x_wconf 83' lang='lat' dir='ltr'>conflrma-</span> 
     </span>
    </p>
   </div>
   <div class='ocr_carea' id='block_1_3' title="bbox 188 2129 1436 2218">
    <p class='ocr_par' dir='ltr' id='par_1_3' title="bbox 188 2129 1436 2218">
     <span class='ocr_line' id='line_1_17' title="bbox 188 2129 1436 2218; baseline 0 -25"><span class='ocrx_word' id='word_1_117' title='bbox 188 2185 190 2193; x_wconf 93' lang='lat'><em>.</em></span> <span class='ocrx_word' id='word_1_118' title='bbox 312 2130 417 2198; x_wconf 89' lang='lat' dir='ltr'>eiouis</span> <span class='ocrx_word' id='word_1_119' title='bbox 443 2133 547 2199; x_wconf 89' lang='lat' dir='ltr'>series</span> <span class='ocrx_word' id='word_1_120' title='bbox 573 2133 671 2198; x_wconf 91' lang='lat' dir='ltr'>robur</span> <span class='ocrx_word' id='word_1_121' title='bbox 696 2135 847 2216; x_wconf 85' lang='lat' dir='ltr'>optineat</span> <span class='ocrx_word' id='word_1_122' title='bbox 870 2129 1029 2218; x_wconf 82' lang='lat' dir='ltr'>perpetue</span> <span class='ocrx_word' id='word_1_123' title='bbox 1053 2129 1228 2210; x_wconf 80' lang='lat' dir='ltr'>firmitatis,</span> <span class='ocrx_word' id='word_1_124' title='bbox 1253 2150 1316 2197; x_wconf 89' lang='lat' dir='ltr'>uec</span> <span class='ocrx_word' id='word_1_125' title='bbox 1331 2131 1436 2215; x_wconf 88' lang='lat' dir='ltr'>possit</span> 
     </span>
    </p>
   </div>
   <div class='ocr_carea' id='block_1_4' title="bbox 310 2239 1436 2761">
    <p class='ocr_par' dir='ltr' id='par_1_4' title="bbox 310 2239 1436 2761">
     <span class='ocr_line' id='line_1_18' title="bbox 311 2239 1436 2326; baseline -0.002 -21"><span class='ocrx_word' id='word_1_126' title='bbox 311 2259 370 2323; x_wconf 89' lang='lat' dir='ltr'>por</span> <span class='ocrx_word' id='word_1_127' title='bbox 395 2239 579 2325; x_wconf 85' lang='lat' dir='ltr'>quempiam</span> <span class='ocrx_word' id='word_1_128' title='bbox 597 2239 764 2306; x_wconf 91' lang='lat' dir='ltr'>homiuum</span> <span class='ocrx_word' id='word_1_129' title='bbox 784 2241 974 2318; x_wconf 83' lang='lat' dir='ltr'>retractari,</span> <span class='ocrx_word' id='word_1_130' title='bbox 998 2249 1169 2326; x_wconf 85' lang='lat' dir='ltr'>presentes</span> <span class='ocrx_word' id='word_1_131' title='bbox 1185 2241 1318 2307; x_wconf 89' lang='lat' dir='ltr'>litteras</span> <span class='ocrx_word' id='word_1_132' title='bbox 1334 2239 1436 2324; x_wconf 85' lang='lat' dir='ltr'>sigilli</span> 
     </span>
     <span class='ocr_line' id='line_1_19' title="bbox 310 2347 1436 2434; baseline 0.003 -21"><span class='ocrx_word' id='word_1_133' title='bbox 310 2349 412 2415; x_wconf 88' lang='lat' dir='ltr'>nostri</span> <span class='ocrx_word' id='word_1_134' title='bbox 429 2349 635 2434; x_wconf 86' lang='lat' dir='ltr'>appensione</span> <span class='ocrx_word' id='word_1_135' title='bbox 646 2347 788 2434; x_wconf 85' lang='lat' dir='ltr'>duplicis</span> <span class='ocrx_word' id='word_1_136' title='bbox 804 2349 877 2416; x_wconf 86' lang='lat' dir='ltr'>dari</span> <span class='ocrx_word' id='word_1_137' title='bbox 894 2351 1032 2417; x_wconf 84' lang='lat' dir='ltr'>fecimus</span> <span class='ocrx_word' id='word_1_138' title='bbox 1059 2350 1286 2416; x_wconf 88' lang='lat' dir='ltr'>communitas.</span> <span class='ocrx_word' id='word_1_139' title='bbox 1313 2348 1436 2416; x_wconf 87' lang='lat' dir='ltr'>Datum</span> 
     </span>
     <span class='ocr_line' id='line_1_20' title="bbox 310 2455 1435 2544; baseline 0.003 -22"><span class='ocrx_word' id='word_1_140' title='bbox 310 2475 368 2541; x_wconf 89' lang='lat' dir='ltr'>per</span> <span class='ocrx_word' id='word_1_141' title='bbox 397 2475 511 2525; x_wconf 88' lang='lat' dir='ltr'>manus</span> <span class='ocrx_word' id='word_1_142' title='bbox 536 2457 671 2525; x_wconf 85' lang='lat' dir='ltr'>discreti</span> <span class='ocrx_word' id='word_1_143' title='bbox 694 2458 765 2544; x_wconf 65' lang='lat' dir='ltr'>vviri</span> <span class='ocrx_word' id='word_1_144' title='bbox 791 2457 944 2542; x_wconf 75' lang='lat' dir='ltr'>Magistri</span> <span class='ocrx_word' id='word_1_145' title='bbox 968 2458 1065 2528; x_wconf 88' lang='lat' dir='ltr'>Pauli</span> <span class='ocrx_word' id='word_1_146' title='bbox 1090 2455 1244 2528; x_wconf 84' lang='lat' dir='ltr'>cantoris</span> <span class='ocrx_word' id='word_1_147' title='bbox 1268 2456 1435 2525; x_wconf 83' lang='lat' dir='ltr'>Budensis</span> 
     </span>
     <span class='ocr_line' id='line_1_21' title="bbox 312 2565 1434 2653; baseline 0.004 -23"><span class='ocrx_word' id='word_1_148' title='bbox 312 2565 480 2644; x_wconf 82' lang='lat' dir='ltr'>Ecclesie,</span> <span class='ocrx_word' id='word_1_149' title='bbox 505 2567 581 2634; x_wconf 89' lang='lat' dir='ltr'>aule</span> <span class='ocrx_word' id='word_1_150' title='bbox 605 2574 717 2634; x_wconf 88' lang='lat' dir='ltr'>nostre</span> <span class='ocrx_word' id='word_1_151' title='bbox 743 2565 1056 2653; x_wconf 65' lang='lat' dir='ltr'>vicecaneettsnj,</span> <span class='ocrx_word' id='word_1_152' title='bbox 1083 2567 1189 2637; x_wconf 88' lang='lat' dir='ltr'>tidelis</span> <span class='ocrx_word' id='word_1_153' title='bbox 1215 2568 1330 2651; x_wconf 89' lang='lat' dir='ltr'>nostri,</span> <span class='ocrx_word' id='word_1_154' title='bbox 1349 2587 1434 2636; x_wconf 84' lang='lat' dir='ltr'>anno</span> 
     </span>
     <span class='ocr_line' id='line_1_22' title="bbox 311 2671 970 2761; baseline 0.006 -23"><span class='ocrx_word' id='word_1_155' title='bbox 311 2673 442 2742; x_wconf 87' lang='lat' dir='ltr'>Domini</span> <span class='ocrx_word' id='word_1_156' title='bbox 458 2673 518 2740; x_wconf 76' lang='lat' dir='ltr'>w.</span> <span class='ocrx_word' id='word_1_157' title='bbox 536 2671 617 2744; x_wconf 79' lang='lat'><strong>00⁰.</strong></span> <span class='ocrx_word' id='word_1_158' title='bbox 634 2677 860 2761; x_wconf 76' lang='lat' dir='ltr'>octuagesimo</span> <span class='ocrx_word' id='word_1_159' title='bbox 875 2696 970 2746; x_wconf 91' lang='lat' dir='ltr'>nono.</span> 
     </span>
    </p>
   </div>
   <div class='ocr_carea' id='block_1_5' title="bbox 310 2867 1436 3040">
    <p class='ocr_par' dir='ltr' id='par_1_5' title="bbox 310 2867 1436 3040">
     <span class='ocr_line' id='line_1_23' title="bbox 310 2867 1436 2948; baseline 0.006 -22"><span class='ocrx_word' id='word_1_160' title='bbox 310 2867 432 2939; x_wconf 85' lang='lat' dir='ltr'>(Robert</span> <span class='ocrx_word' id='word_1_161' title='bbox 443 2869 557 2944; x_wconf 71' lang='lat' dir='ltr'>Karcly</span> <span class='ocrx_word' id='word_1_162' title='bbox 568 2871 664 2944; x_wconf 67' lang='lat' dir='ltr'>kirtly</span> <span class='ocrx_word' id='word_1_163' title='bbox 678 2871 790 2928; x_wconf 76' lang='lat' dir='ltr'>less-ti</span> <span class='ocrx_word' id='word_1_164' title='bbox 804 2869 977 2944; x_wconf 69' lang='lat' dir='ltr'>megarostto</span> <span class='ocrx_word' id='word_1_165' title='bbox 990 2871 1250 2946; x_wconf 62' lang='lat' dir='ltr'>privilegiantis,</span> <span class='ocrx_word' id='word_1_166' title='bbox 1273 2875 1353 2948; x_wconf 83' lang='lat' dir='ltr'>mcly</span> <span class='ocrx_word' id='word_1_167' title='bbox 1367 2877 1436 2933; x_wconf 66' lang='lat' dir='ltr'>tria·</span> 
     </span>
     <span class='ocr_line' id='line_1_24' title="bbox 537 2960 1208 3040; baseline 0.006 -22"><span class='ocrx_word' id='word_1_168' title='bbox 537 2963 612 3019; x_wconf 86' lang='lat' dir='ltr'>tetik</span> <span class='ocrx_word' id='word_1_169' title='bbox 625 2980 642 3018; x_wconf 84' lang='lat' dir='ltr'>a</span> <span class='ocrx_word' id='word_1_170' title='bbox 657 2960 817 3036; x_wconf 79' lang='lat' dir='ltr'>vesupremi</span> <span class='ocrx_word' id='word_1_171' title='bbox 831 2961 975 3037; x_wconf 70' lang='lat' dir='ltr'>heptalan</span> <span class='ocrx_word' id='word_1_172' title='bbox 986 2962 1208 3040; x_wconf 70' lang='lat' dir='ltr'>lerdlttrtbau.)</span> 
     </span>
    </p>
   </div>
   <div class='ocr_carea' id='block_1_6' title="bbox 0 0 1576 5170">
    <p class='ocr_par' dir='ltr' id='par_1_6' title="bbox 0 0 1576 5170">
     <span class='ocr_line' id='line_1_25' title="bbox 0 0 1576 5170; baseline 0 0"><span class='ocrx_word' id='word_1_173' title='bbox 0 0 1576 5170; x_wconf 95' lang='lat' dir='ltr'> </span> 
     </span>
    </p>
   </div>
  </div>
 </body>
</html>
