3142 5164
850 919 922 984 tat.

328 1133 510 1202 Aesazmat
536 1135 692 1222 ledptnlua
717 1136 913 1223 oe'prebnjtjo
939 1133 1059 1200 Mittor
1083 1133 1258 1198 szlavootat
1287 1133 1349 1199 tcta
1372 1155 1452 1198 naon

326 1243 462 1329 trebete,
477 1243 614 1330 melyben
629 1245 717 1309 irlb'sb
733 1243 830 1308 Belus
846 1243 1034 1330 davepye'nelr
1050 1245 1081 1307 aa
1096 1240 1164 1329 rJJa
1185 1240 1284 1306 Belua
1299 1237 1451 1305 meatoba'-

441 1354 551 1440 jdnole
568 1352 696 1416 licetret
714 1354 745 1417 e's
760 1351 907 1417 eleazarum
923 1351 1075 1416 biadatrat'
1089 1349 1217 1415 readeli.
1236 1349 1335 1414 1279.

434 1569 505 1636 Nos
522 1567 707 1656 Capitulum
733 1565 947 1635 Olazmensis
964 1567 1115 1634 Ecclesie
1141 1567 1304 1635 uniuersis
1329 1563 1455 1636 christi

328 1676 478 1746 fidelibus
494 1675 698 1762 presencium
723 1697 782 1763 per
807 1683 961 1744 tenorem
988 1676 1197 1754 intimamus,
1223 1675 1311 1760 quod
1336 1677 1455 1744 Cornea

328 1785 517 1872 Stephanus
535 1784 619 1852 litiur
636 1785 734 1852 Belus
752 1785 822 1852 vioe
839 1791 872 1852 et
890 1785 1134 1854 nominoBelns
1150 1785 1209 1872 filij
1226 1787 1327 1853 Belus
1345 1783 1454 1852 fratris

329 1896 416 1964 suia
440 1901 537 1980 parte
553 1915 618 1961 vnn
628 1945 637 1980 ,
664 1902 698 1962 et
714 1895 832 1962 (lemos
858 1894 976 1961 Mohor
992 1894 1035 1961 ab
1052 1895 1179 1979 attera,
1197 1894 1242 1961 ad
1258 1903 1403 1962 nostram
1420 1894 1453 1960 in

328 2003 414 2072 festo
440 2003 688 2073 Purifieaeionis
714 2004 817 2072 Beate
841 2003 987 2090 Virginis
1014 2005 1232 2091 personaliter
1256 2004 1454 2071 aecedentes

329 2114 544 2198 presenciam,
569 2112 786 2181 exhibuerunt
802 2112 897 2180 nobis
915 2116 1045 2181 litteras
1059 2111 1194 2184 ,domini
1209 2113 1352 2198 Nioolay
1368 2109 1454 2178 Bani

329 2220 435 2288 toeius
451 2221 625 2288 Selauoriie
634 2267 644 2305 ,
668 2221 700 2288 iu
719 2219 836 2307 quibus
852 2222 1098 2309 exponebatur,
1123 2221 1211 2307 quod
1227 2220 1337 2288 dietus
1353 2218 1453 2285 Belus

328 2327 414 2395 filius
431 2331 529 2396 Belus
544 2329 675 2398 raeione
692 2330 777 2398 dotis
793 2349 935 2399 nonereo
951 2351 1019 2415 sne,
1036 2329 1101 2397 filie
1117 2333 1193 2418 Apa
1208 2329 1306 2415 Bani,
1330 2329 1451 2398 sororis
1564 2373 1565 2410 ,

329 2437 484 2506 videlieet
509 2439 616 2524 ipsius
633 2440 768 2508 Comitis
785 2441 919 2519 llobor,
944 2460 1042 2525 quarn
1068 2438 1152 2508 idem
1169 2461 1210 2508 ex
1235 2439 1453 2525 permissione
1564 2429 1565 2436 '

329 2549 434 2633 ipsius
451 2549 580 2616 domine
605 2569 707 2635 snpra
731 2549 852 2618 dietum
867 2551 968 2618 Belus
984 2549 1196 2635 requirebat,
1222 2549 1320 2618 daret
1344 2553 1377 2616 et
1391 2549 1453 2615 sol
1564 2551 1565 2638 }

272 2685 274 2690 ·
329 2663 421 2725 neret
436 2658 469 2725 in
497 2657 550 2724 die
568 2657 720 2726 Ginerum
738 2658 855 2744 viginti
881 2677 1011 2726 mareas
1036 2678 1146 2726 eoram
1172 2659 1277 2726 nobis.
1302 2657 1452 2726 Contine·

330 2767 426 2831 batur
443 2765 546 2830 eciam
564 2765 598 2832 in
616 2765 757 2851 lrijsdem
769 2767 890 2836 litteris
907 2768 1003 2852 Bani,
1023 2773 1058 2834 vt
1074 2767 1187 2835 eodem
1198 2767 1254 2836 dle
1270 2765 1450 2833 ettermino

330 2871 416 2940 idem
442 2871 558 2942 Oornes
574 2873 759 2960 Stephanus
787 2895 858 2942 eum
874 2875 1003 2960 prefato
1029 2877 1129 2944 Belus
1157 2895 1342 2962 supereo,
1368 2873 1451 2958 quod

331 2981 449 3048 Comes
465 2981 577 3063 Belus,
594 2984 730 3050 maritus
747 2982 833 3050 dieto
851 2982 993 3058 domine,
1011 2982 1076 3049 duo
1093 2983 1230 3051 monilia
1246 3001 1350 3050 aurea
1366 2982 1450 3048 eins·

331 3091 404 3158 dem
420 3089 551 3158 domine
568 3109 627 3174 pro
644 3091 712 3158 suis
729 3090 879 3176 negoeijs
899 3090 1092 3158 nominatim
1118 3109 1184 3156 non
1206 3089 1368 3174 expositis
1384 3107 1449 3175 pre·

331 3210 421 3266 stare
437 3197 558 3266 debeat
583 3206 830 3268 sacramentum.
856 3198 920 3277 Qui
947 3199 1077 3283 quidem
1099 3201 1219 3270 Comes
1234 3199 1353 3268 blohor
1378 3199 1452 3265 lieet
1564 3191 1565 3200 ’

331 3327 442 3376 eoram
458 3308 554 3376 nobis
578 3307 800 3392 personaliter
816 3311 934 3376 astans
950 3313 1155 3393 protestatus
1181 3306 1280 3374 luerit
1290 3357 1300 3392 ,
1325 3313 1362 3374 vt
1378 3326 1451 3390 pre-

332 3415 420 3482 diete
444 3412 563 3500 uiginti
589 3432 699 3480 maroe
726 3412 832 3480 eidem
860 3413 991 3481 domine
1017 3433 1076 3499 per
1099 3415 1199 3482 Bolus
1224 3413 1389 3500 prelatum
1414 3431 1453 3476 ex

331 3529 461 3610 integro
477 3522 554 3589 date
579 3523 645 3588 sint
664 3527 698 3587 et
723 3524 849 3606 solute;
875 3528 988 3590 tamen
1010 3541 1092 3606 nos,
1118 3531 1215 3608 prout
1242 3521 1452 3606 expediebat,
1564 3527 1565 3602 3

330 3634 365 3698 in
390 3638 619 3718 argumentum
646 3631 776 3698 iusticie
803 3629 1043 3717 euidenoioris,
1068 3639 1102 3698 et
1117 3631 1248 3698 eantele
1275 3631 1453 3717 amplioris,
1564 3637 1565 3714 j

331 3749 476 3808 nostrum
493 3741 665 3826 hominem,
675 3739 831 3810 videlieet
841 3740 1003 3808 Thomam
1020 3741 1227 3809 sacerdotem
1245 3739 1340 3807 ebori
1355 3737 1453 3807 nostri
1564 3747 1565 3752 ’

331 3849 375 3916 ad
391 3847 618 3934 requirendam
635 3849 776 3916 eandem
792 3848 956 3914 dominam
973 3849 1126 3917 duximus
1149 3847 1453 3930 transmittendum,

332 3959 387 4044 qui
402 3958 503 4026 homo
514 3967 628 4028 noster
643 3957 852 4047 postmodum
869 3957 913 4024 ad
929 3975 988 4027 nos
1005 3977 1157 4025 reuersus
1170 3958 1263 4040 dixit,
1281 3958 1371 4041 quod
1386 3973 1453 4040 pre·
1564 3945 1565 4032 l

265 4071 278 4080 “
332 4069 422 4136 diota
438 4067 570 4134 domina
586 4087 645 4152 per
662 4071 769 4153 ipsum
796 4085 898 4150 super
914 4064 1004 4134 faeto
1021 4067 1184 4152 premisse
1210 4065 1391 4134 solucionis
1407 4082 1452 4128 re·
1564 4131 1565 4140 ,

331 4175 454 4260 quisita
480 4175 688 4260 responderit
712 4184 745 4242 et
761 4175 893 4261 publico
919 4174 1019 4242 fuerit
1048 4175 1223 4260 consessa,
1247 4181 1284 4240 ut
1308 4173 1375 4241 sibi
1398 4190 1452 4258 per
1564 4183 1565 4210 ἢ

331 4284 454 4350 dietum
471 4283 570 4349 Belus
594 4281 780 4369 priuignum
808 4301 901 4348 snum
919 4300 1017 4368 super
1043 4281 1120 4351 dote
1137 4301 1207 4366 sua,
1228 4280 1387 4368 prediotis
1408 4279 1450 4345 ni·
1564 4245 1565 4278 ³

331 4390 413 4477 giuti
429 4388 548 4455 mareis
574 4389 617 4456 ab
635 4391 750 4456 eodem
766 4407 807 4456 ex
823 4389 953 4474 integro
969 4392 1134 4476 receptis,
1161 4409 1221 4476 per
1248 4390 1358 4456 omnia
1374 4395 1405 4455 et
1420 4385 1448 4451 in

330 4495 479 4563 omnibus
495 4492 610 4563 luisset
626 4493 855 4582 satisfactum,
872 4503 906 4564 et
921 4497 1010 4582 quod
1026 4495 1112 4565 idern
1132 4497 1234 4564 Belus
1255 4517 1354 4583 super
1369 4493 1448 4561 laeto

331 4603 468 4670 duorum
487 4601 664 4688 monilium,
680 4622 741 4690 pro
758 4603 886 4688 quibus,
914 4613 949 4674 vt
966 4603 1183 4692 premisimus,
1201 4623 1274 4672 eum
1293 4602 1379 4670 dioto
1394 4601 1447 4670 (lo-
