<?xml version="1.0" encoding="UTF-8"?>
<!DOCTYPE html PUBLIC "-//W3C//DTD XHTML 1.0 Transitional//EN"
    "http://www.w3.org/TR/xhtml1/DTD/xhtml1-transitional.dtd">
<html xmlns="http://www.w3.org/1999/xhtml" xml:lang="en" lang="en">
 <head>
  <title>
</title>
<meta http-equiv="Content-Type" content="text/html;charset=utf-8" />
  <meta name='ocr-system' content='tesseract 3.04.00' />
  <meta name='ocr-capabilities' content='ocr_page ocr_carea ocr_par ocr_line ocrx_word'/>
</head>
<body>
  <div class='ocr_page' id='page_1' title='image "./codexdiplomatic08wenzgoog_0268.png"; bbox 0 0 3142 5164; ppageno 0'>
   <div class='ocr_carea' id='block_1_1' title="bbox 695 255 968 407">
    <p class='ocr_par' dir='ltr' id='par_1_1' title="bbox 695 255 968 407">
     <span class='ocr_line' id='line_1_1' title="bbox 695 255 968 407; baseline -0.007 1"><span class='ocrx_word' id='word_1_1' title='bbox 695 337 700 344; x_wconf 96' lang='lat'>·</span> <span class='ocrx_word' id='word_1_2' title='bbox 800 255 968 407; x_wconf 60' lang='lat' dir='ltr'>..o-r-</span> 
     </span>
    </p>
   </div>
   <div class='ocr_carea' id='block_1_2' title="bbox 324 495 1453 588">
    <p class='ocr_par' dir='ltr' id='par_1_2' title="bbox 324 495 1453 588">
     <span class='ocr_line' id='line_1_2' title="bbox 324 495 1453 588; baseline -0.007 -18"><span class='ocrx_word' id='word_1_3' title='bbox 324 504 410 571; x_wconf 87' lang='lat' dir='ltr'>mine</span> <span class='ocrx_word' id='word_1_4' title='bbox 427 509 540 571; x_wconf 88' lang='lat' dir='ltr'>nostro</span> <span class='ocrx_word' id='word_1_5' title='bbox 556 501 704 588; x_wconf 90' lang='lat' dir='ltr'>ipsorum</span> <span class='ocrx_word' id='word_1_6' title='bbox 720 519 778 586; x_wconf 91' lang='lat' dir='ltr'>pro</span> <span class='ocrx_word' id='word_1_7' title='bbox 795 498 984 568; x_wconf 86' lang='lat' dir='ltr'>testimonio</span> <span class='ocrx_word' id='word_1_8' title='bbox 1001 499 1171 566; x_wconf 79' lang='lat' dir='ltr'>misissent</span> <span class='ocrx_word' id='word_1_9' title='bbox 1189 498 1354 565; x_wconf 86' lang='lat' dir='ltr'>hominem</span> <span class='ocrx_word' id='word_1_10' title='bbox 1370 495 1453 563; x_wconf 91' lang='lat' dir='ltr'>fide-</span> 
     </span>
    </p>
   </div>
   <div class='ocr_carea' id='block_1_3' title="bbox 322 605 1554 697">
    <p class='ocr_par' dir='ltr' id='par_1_3' title="bbox 322 605 1554 697">
     <span class='ocr_line' id='line_1_3' title="bbox 322 605 1554 697; baseline -0.011 -15"><span class='ocrx_word' id='word_1_11' title='bbox 322 615 407 690; x_wconf 86' lang='lat' dir='ltr'>lcm,</span> <span class='ocrx_word' id='word_1_12' title='bbox 424 630 532 678; x_wconf 89' lang='lat' dir='ltr'>coram</span> <span class='ocrx_word' id='word_1_13' title='bbox 550 630 616 697; x_wconf 90' lang='lat' dir='ltr'>quo</span> <span class='ocrx_word' id='word_1_14' title='bbox 633 611 720 679; x_wconf 89' lang='lat' dir='ltr'>idem</span> <span class='ocrx_word' id='word_1_15' title='bbox 736 609 834 678; x_wconf 89' lang='lat' dir='ltr'>homo</span> <span class='ocrx_word' id='word_1_16' title='bbox 861 615 975 678; x_wconf 90' lang='lat' dir='ltr'>noster</span> <span class='ocrx_word' id='word_1_17' title='bbox 997 609 1180 694; x_wconf 87' lang='lat' dir='ltr'>prodictam</span> <span class='ocrx_word' id='word_1_18' title='bbox 1207 615 1331 676; x_wconf 85' lang='lat' dir='ltr'>terram</span> <span class='ocrx_word' id='word_1_19' title='bbox 1348 605 1454 674; x_wconf 78' lang='lat' dir='ltr'>castri</span> <span class='ocrx_word' id='word_1_20' title='bbox 1553 627 1554 670; x_wconf 86' lang='lat' dir='ltr'>l</span> 
     </span>
    </p>
   </div>
   <div class='ocr_carea' id='block_1_4' title="bbox 321 717 1454 804">
    <p class='ocr_par' dir='ltr' id='par_1_4' title="bbox 321 717 1454 804">
     <span class='ocr_line' id='line_1_4' title="bbox 321 717 1454 804; baseline -0.007 -16"><span class='ocrx_word' id='word_1_21' title='bbox 321 721 426 790; x_wconf 86' lang='lat' dir='ltr'>nostri</span> <span class='ocrx_word' id='word_1_22' title='bbox 441 719 721 804; x_wconf 86' lang='lat' dir='ltr'>Zulgaiaurisnsis</span> <span class='ocrx_word' id='word_1_23' title='bbox 738 719 855 786; x_wconf 90' lang='lat' dir='ltr'>Heche</span> <span class='ocrx_word' id='word_1_24' title='bbox 872 724 1026 786; x_wconf 84' lang='lat' dir='ltr'>vocatam</span> <span class='ocrx_word' id='word_1_25' title='bbox 1036 767 1045 802; x_wconf 93' lang='lat'>,</span> <span class='ocrx_word' id='word_1_26' title='bbox 1072 737 1213 785; x_wconf 86' lang='lat' dir='ltr'>vacuam</span> <span class='ocrx_word' id='word_1_27' title='bbox 1233 717 1403 782; x_wconf 84' lang='lat' dir='ltr'>inventam</span> <span class='ocrx_word' id='word_1_28' title='bbox 1420 721 1454 780; x_wconf 89' lang='lat' dir='ltr'>ct</span> 
     </span>
    </p>
   </div>
   <div class='ocr_carea' id='block_1_5' title="bbox 323 821 1455 1018">
    <p class='ocr_par' dir='ltr' id='par_1_5' title="bbox 323 821 1554 1018">
     <span class='ocr_line' id='line_1_5' title="bbox 325 821 1455 916; baseline -0.007 -19"><span class='ocrx_word' id='word_1_29' title='bbox 325 837 517 916; x_wconf 87' lang='lat' dir='ltr'>atempore</span> <span class='ocrx_word' id='word_1_30' title='bbox 550 830 764 897; x_wconf 83' lang='lat' dir='ltr'>Tartarorum</span> <span class='ocrx_word' id='word_1_31' title='bbox 797 825 1040 895; x_wconf 86' lang='lat' dir='ltr'>habitatoribus</span> <span class='ocrx_word' id='word_1_32' title='bbox 1075 826 1287 911; x_wconf 88' lang='lat' dir='ltr'>destitutam,</span> <span class='ocrx_word' id='word_1_33' title='bbox 1319 821 1455 892; x_wconf 88' lang='lat' dir='ltr'>adduc</span> 
     </span>
     <span class='ocr_line' id='line_1_6' title="bbox 323 931 1454 1018; baseline -0.008 -12"><span class='ocrx_word' id='word_1_34' title='bbox 323 945 435 1006; x_wconf 86' lang='lat' dir='ltr'>aratra</span> <span class='ocrx_word' id='word_1_35' title='bbox 450 936 667 1004; x_wconf 84' lang='lat' dir='ltr'>sufficientem</span> <span class='ocrx_word' id='word_1_36' title='bbox 683 937 855 1004; x_wconf 80' lang='lat' dir='ltr'>statuisset</span> <span class='ocrx_word' id='word_1_37' title='bbox 873 933 999 1002; x_wconf 86' lang='lat' dir='ltr'>eisdem</span> <span class='ocrx_word' id='word_1_38' title='bbox 1016 936 1141 1018; x_wconf 90' lang='lat' dir='ltr'>Paulo,</span> <span class='ocrx_word' id='word_1_39' title='bbox 1166 933 1337 1012; x_wconf 86' lang='lat' dir='ltr'>Rolando,</span> <span class='ocrx_word' id='word_1_40' title='bbox 1355 931 1454 998; x_wconf 85' lang='lat' dir='ltr'>Lam-</span> 
     </span>
    </p>
   </div>
   <div class='ocr_carea' id='block_1_6' title="bbox 325 1041 1457 1135">
    <p class='ocr_par' dir='ltr' id='par_1_6' title="bbox 325 1041 1457 1135">
     <span class='ocr_line' id='line_1_7' title="bbox 325 1041 1457 1135; baseline -0.007 -21"><span class='ocrx_word' id='word_1_41' title='bbox 325 1054 430 1135; x_wconf 81' lang='lat' dir='ltr'>perto,</span> <span class='ocrx_word' id='word_1_42' title='bbox 446 1045 578 1132; x_wconf 79' lang='lat' dir='ltr'>Blasio,</span> <span class='ocrx_word' id='word_1_43' title='bbox 606 1066 644 1112; x_wconf 85' lang='lat' dir='ltr'>ac</span> <span class='ocrx_word' id='word_1_44' title='bbox 661 1045 740 1131; x_wconf 87' lang='lat' dir='ltr'>alijs</span> <span class='ocrx_word' id='word_1_45' title='bbox 756 1043 911 1112; x_wconf 80' lang='lat' dir='ltr'>iratribus</span> <span class='ocrx_word' id='word_1_46' title='bbox 935 1043 1080 1128; x_wconf 87' lang='lat' dir='ltr'>ipsorum</span> <span class='ocrx_word' id='word_1_47' title='bbox 1096 1042 1185 1110; x_wconf 91' lang='lat' dir='ltr'>nullo</span> <span class='ocrx_word' id='word_1_48' title='bbox 1211 1041 1457 1111; x_wconf 76' lang='lat' dir='ltr'>contradictore</span> 
     </span>
    </p>
   </div>
   <div class='ocr_carea' id='block_1_7' title="bbox 326 1149 1554 1350">
    <p class='ocr_par' dir='ltr' id='par_1_7' title="bbox 326 1149 1554 1350">
     <span class='ocr_line' id='line_1_8' title="bbox 327 1149 1554 1240; baseline -0.009 -15"><span class='ocrx_word' id='word_1_49' title='bbox 327 1159 501 1226; x_wconf 84' lang='lat' dir='ltr'>existente.</span> <span class='ocrx_word' id='word_1_50' title='bbox 517 1158 587 1224; x_wconf 85' lang='lat' dir='ltr'>Nos</span> <span class='ocrx_word' id='word_1_51' title='bbox 604 1154 715 1240; x_wconf 88' lang='lat' dir='ltr'>igitur,</span> <span class='ocrx_word' id='word_1_52' title='bbox 732 1153 789 1238; x_wconf 88' lang='lat' dir='ltr'>qui</span> <span class='ocrx_word' id='word_1_53' title='bbox 805 1171 845 1218; x_wconf 85' lang='lat' dir='ltr'>ex</span> <span class='ocrx_word' id='word_1_54' title='bbox 861 1149 971 1219; x_wconf 84' lang='lat' dir='ltr'>officio</span> <span class='ocrx_word' id='word_1_55' title='bbox 989 1151 1135 1238; x_wconf 86' lang='lat' dir='ltr'>suscepti</span> <span class='ocrx_word' id='word_1_56' title='bbox 1153 1151 1327 1236; x_wconf 88' lang='lat' dir='ltr'>regiminis</span> <span class='ocrx_word' id='word_1_57' title='bbox 1345 1151 1457 1217; x_wconf 89' lang='lat' dir='ltr'>metiri</span> <span class='ocrx_word' id='word_1_58' title='bbox 1553 1175 1554 1214; x_wconf 73' lang='lat' dir='ltr'>i</span> 
     </span>
     <span class='ocr_line' id='line_1_9' title="bbox 326 1259 1554 1350; baseline -0.007 -19"><span class='ocrx_word' id='word_1_59' title='bbox 326 1265 483 1332; x_wconf 85' lang='lat' dir='ltr'>debemus</span> <span class='ocrx_word' id='word_1_60' title='bbox 500 1262 844 1350; x_wconf 84' lang='lat' dir='ltr'>meritasiugulorum,</span> <span class='ocrx_word' id='word_1_61' title='bbox 861 1268 895 1329; x_wconf 89' lang='lat' dir='ltr'>et</span> <span class='ocrx_word' id='word_1_62' title='bbox 909 1259 1085 1344; x_wconf 89' lang='lat' dir='ltr'>unicuique</span> <span class='ocrx_word' id='word_1_63' title='bbox 1102 1260 1301 1347; x_wconf 89' lang='lat' dir='ltr'>promeritis</span> <span class='ocrx_word' id='word_1_64' title='bbox 1318 1277 1455 1343; x_wconf 86' lang='lat' dir='ltr'>respou-</span> <span class='ocrx_word' id='word_1_65' title='bbox 1553 1301 1554 1312; x_wconf 34' lang='lat' dir='ltr'>r</span> 
     </span>
    </p>
   </div>
   <div class='ocr_carea' id='block_1_8' title="bbox 328 1367 1456 1455">
    <p class='ocr_par' dir='ltr' id='par_1_8' title="bbox 328 1367 1456 1455">
     <span class='ocr_line' id='line_1_10' title="bbox 328 1367 1456 1455; baseline -0.008 -14"><span class='ocrx_word' id='word_1_66' title='bbox 328 1374 416 1451; x_wconf 82' lang='lat' dir='ltr'>dere,</span> <span class='ocrx_word' id='word_1_67' title='bbox 434 1369 749 1454; x_wconf 79' lang='lat' dir='ltr'>considerantesque</span> <span class='ocrx_word' id='word_1_68' title='bbox 765 1371 908 1437; x_wconf 88' lang='lat' dir='ltr'>servicia</span> <span class='ocrx_word' id='word_1_69' title='bbox 925 1369 1070 1455; x_wconf 89' lang='lat' dir='ltr'>ipsorum</span> <span class='ocrx_word' id='word_1_70' title='bbox 1087 1368 1276 1450; x_wconf 85' lang='lat' dir='ltr'>meritoria,</span> <span class='ocrx_word' id='word_1_71' title='bbox 1294 1367 1394 1436; x_wconf 89' lang='lat' dir='ltr'>Pauli</span> <span class='ocrx_word' id='word_1_72' title='bbox 1410 1367 1456 1432; x_wconf 86' lang='lat' dir='ltr'>ri-</span> 
     </span>
    </p>
   </div>
   <div class='ocr_carea' id='block_1_9' title="bbox 327 1473 1554 1672">
    <p class='ocr_par' dir='ltr' id='par_1_9' title="bbox 327 1473 1554 1672">
     <span class='ocr_line' id='line_1_11' title="bbox 327 1473 1456 1564; baseline -0.007 -16"><span class='ocrx_word' id='word_1_73' title='bbox 327 1481 460 1562; x_wconf 88' lang='lat' dir='ltr'>delicct,</span> <span class='ocrx_word' id='word_1_74' title='bbox 477 1477 629 1562; x_wconf 90' lang='lat' dir='ltr'>Rolandi,</span> <span class='ocrx_word' id='word_1_75' title='bbox 647 1477 816 1564; x_wconf 85' lang='lat' dir='ltr'>Lamperti</span> <span class='ocrx_word' id='word_1_76' title='bbox 833 1483 867 1544; x_wconf 88' lang='lat' dir='ltr'>ct</span> <span class='ocrx_word' id='word_1_77' title='bbox 882 1477 996 1564; x_wconf 89' lang='lat' dir='ltr'>Blaslj,</span> <span class='ocrx_word' id='word_1_78' title='bbox 1015 1484 1049 1545; x_wconf 90' lang='lat' dir='ltr'>ct</span> <span class='ocrx_word' id='word_1_79' title='bbox 1069 1476 1257 1562; x_wconf 87' lang='lat' dir='ltr'>specialiter</span> <span class='ocrx_word' id='word_1_80' title='bbox 1273 1495 1339 1560; x_wconf 86' lang='lat' dir='ltr'>que</span> <span class='ocrx_word' id='word_1_81' title='bbox 1355 1473 1456 1560; x_wconf 88' lang='lat' dir='ltr'>ijdem</span> 
     </span>
     <span class='ocr_line' id='line_1_12' title="bbox 328 1582 1554 1672; baseline -0.009 -14"><span class='ocrx_word' id='word_1_82' title='bbox 328 1594 442 1658; x_wconf 90' lang='lat' dir='ltr'>contra</span> <span class='ocrx_word' id='word_1_83' title='bbox 458 1587 676 1672; x_wconf 66' lang='lat' dir='ltr'>Tcotrnicos,</span> <span class='ocrx_word' id='word_1_84' title='bbox 703 1605 763 1672; x_wconf 86' lang='lat' dir='ltr'>per</span> <span class='ocrx_word' id='word_1_85' title='bbox 779 1605 862 1671; x_wconf 87' lang='lat' dir='ltr'>quos</span> <span class='ocrx_word' id='word_1_86' title='bbox 879 1593 1024 1652; x_wconf 89' lang='lat' dir='ltr'>castrum</span> <span class='ocrx_word' id='word_1_87' title='bbox 1045 1591 1192 1654; x_wconf 88' lang='lat' dir='ltr'>nostrum</span> <span class='ocrx_word' id='word_1_88' title='bbox 1217 1585 1394 1652; x_wconf 69' lang='lat' dir='ltr'>‚lauriense</span> <span class='ocrx_word' id='word_1_89' title='bbox 1411 1582 1456 1648; x_wconf 89' lang='lat' dir='ltr'>fu·</span> <span class='ocrx_word' id='word_1_90' title='bbox 1553 1599 1554 1604; x_wconf 70' lang='grc'>’</span> 
     </span>
    </p>
   </div>
   <div class='ocr_carea' id='block_1_10' title="bbox 327 1691 1554 4060">
    <p class='ocr_par' dir='ltr' id='par_1_10' title="bbox 327 1691 1554 4060">
     <span class='ocr_line' id='line_1_13' title="bbox 327 1691 1455 1780; baseline -0.007 -16"><span class='ocrx_word' id='word_1_91' title='bbox 327 1703 400 1764; x_wconf 89' lang='lat' dir='ltr'>erat</span> <span class='ocrx_word' id='word_1_92' title='bbox 416 1699 621 1778; x_wconf 88' lang='lat' dir='ltr'>occupatum,</span> <span class='ocrx_word' id='word_1_93' title='bbox 637 1695 693 1777; x_wconf 91' lang='lat' dir='ltr'>qui</span> <span class='ocrx_word' id='word_1_94' title='bbox 709 1694 754 1762; x_wconf 88' lang='lat' dir='ltr'>ad</span> <span class='ocrx_word' id='word_1_95' title='bbox 770 1691 1013 1780; x_wconf 83' lang='lat' dir='ltr'>perpetrandas</span> <span class='ocrx_word' id='word_1_96' title='bbox 1030 1692 1277 1761; x_wconf 86' lang='lat' dir='ltr'>destrucciones</span> <span class='ocrx_word' id='word_1_97' title='bbox 1295 1698 1330 1758; x_wconf 87' lang='lat' dir='ltr'>et</span> <span class='ocrx_word' id='word_1_98' title='bbox 1345 1692 1455 1776; x_wconf 90' lang='lat' dir='ltr'>spolia</span> 
     </span>
     <span class='ocr_line' id='line_1_14' title="bbox 328 1799 1454 1892; baseline -0.006 -19"><span class='ocrx_word' id='word_1_99' title='bbox 328 1824 369 1872; x_wconf 91' lang='lat' dir='ltr'>ac</span> <span class='ocrx_word' id='word_1_100' title='bbox 385 1802 541 1869; x_wconf 89' lang='lat' dir='ltr'>incendia</span> <span class='ocrx_word' id='word_1_101' title='bbox 565 1799 790 1892; x_wconf 87' lang='lat' dir='ltr'>commitenda</span> <span class='ocrx_word' id='word_1_102' title='bbox 814 1800 856 1868; x_wconf 86' lang='lat' dir='ltr'>dc</span> <span class='ocrx_word' id='word_1_103' title='bbox 871 1803 945 1888; x_wconf 89' lang='lat' dir='ltr'>ipso</span> <span class='ocrx_word' id='word_1_104' title='bbox 962 1809 1072 1870; x_wconf 86' lang='lat' dir='ltr'>castro</span> <span class='ocrx_word' id='word_1_105' title='bbox 1097 1801 1265 1870; x_wconf 85' lang='lat' dir='ltr'>Jaurieuri</span> <span class='ocrx_word' id='word_1_106' title='bbox 1292 1801 1454 1884; x_wconf 83' lang='lat' dir='ltr'>exierant,</span> 
     </span>
     <span class='ocr_line' id='line_1_15' title="bbox 329 1909 1456 1999; baseline -0.005 -19"><span class='ocrx_word' id='word_1_107' title='bbox 329 1913 387 1980; x_wconf 91' lang='lat' dir='ltr'>ubi</span> <span class='ocrx_word' id='word_1_108' title='bbox 403 1909 483 1979; x_wconf 89' lang='lat' dir='ltr'>dicti</span> <span class='ocrx_word' id='word_1_109' title='bbox 499 1911 633 1992; x_wconf 88' lang='lat' dir='ltr'>Paulus,</span> <span class='ocrx_word' id='word_1_110' title='bbox 651 1909 833 1996; x_wconf 88' lang='lat' dir='ltr'>Rolandus,</span> <span class='ocrx_word' id='word_1_111' title='bbox 850 1913 1050 1997; x_wconf 87' lang='lat' dir='ltr'>Lampertus</span> <span class='ocrx_word' id='word_1_112' title='bbox 1066 1917 1100 1978; x_wconf 88' lang='lat' dir='ltr'>ct</span> <span class='ocrx_word' id='word_1_113' title='bbox 1116 1911 1250 1980; x_wconf 86' lang='lat' dir='ltr'>Blasins</span> <span class='ocrx_word' id='word_1_114' title='bbox 1266 1931 1326 1999; x_wconf 91' lang='lat' dir='ltr'>pro</span> <span class='ocrx_word' id='word_1_115' title='bbox 1343 1909 1456 1978; x_wconf 86' lang='lat' dir='ltr'>defen·</span> 
     </span>
     <span class='ocr_line' id='line_1_16' title="bbox 330 2005 1554 2108; baseline -0.001 -21"><span class='ocrx_word' id='word_1_116' title='bbox 330 2023 423 2088; x_wconf 86' lang='lat' dir='ltr'>sioue</span> <span class='ocrx_word' id='word_1_117' title='bbox 440 2021 621 2088; x_wconf 86' lang='lat' dir='ltr'>incolarum</span> <span class='ocrx_word' id='word_1_118' title='bbox 638 2020 743 2107; x_wconf 81' lang='lat' dir='ltr'>Regni</span> <span class='ocrx_word' id='word_1_119' title='bbox 768 2021 872 2087; x_wconf 88' lang='lat' dir='ltr'>nostri</span> <span class='ocrx_word' id='word_1_120' title='bbox 889 2019 1029 2090; x_wconf 84' lang='lat' dir='ltr'>viriliter</span> <span class='ocrx_word' id='word_1_121' title='bbox 1054 2018 1267 2108; x_wconf 86' lang='lat' dir='ltr'>dimicantes,</span> <span class='ocrx_word' id='word_1_122' title='bbox 1292 2021 1456 2106; x_wconf 85' lang='lat' dir='ltr'>quosdam</span> <span class='ocrx_word' id='word_1_123' title='bbox 1553 2005 1554 2034; x_wconf 64' lang='lat'><em>³</em></span> 
     </span>
     <span class='ocr_line' id='line_1_17' title="bbox 332 2128 1456 2216; baseline 0 -22"><span class='ocrx_word' id='word_1_124' title='bbox 332 2148 374 2194; x_wconf 85' lang='lat' dir='ltr'>ex</span> <span class='ocrx_word' id='word_1_125' title='bbox 389 2129 471 2214; x_wconf 91' lang='lat' dir='ltr'>ipsis</span> <span class='ocrx_word' id='word_1_126' title='bbox 498 2128 690 2198; x_wconf 84' lang='lat' dir='ltr'>Teutoniois</span> <span class='ocrx_word' id='word_1_127' title='bbox 716 2129 905 2216; x_wconf 85' lang='lat' dir='ltr'>captivatos</span> <span class='ocrx_word' id='word_1_128' title='bbox 932 2129 1028 2198; x_wconf 90' lang='lat' dir='ltr'>nobis</span> <span class='ocrx_word' id='word_1_129' title='bbox 1052 2129 1270 2214; x_wconf 88' lang='lat' dir='ltr'>adducendo,</span> <span class='ocrx_word' id='word_1_130' title='bbox 1296 2128 1456 2214; x_wconf 89' lang='lat' dir='ltr'>quosdam</span> 
     </span>
     <span class='ocr_line' id='line_1_18' title="bbox 330 2235 1457 2327; baseline -0.003 -22"><span class='ocrx_word' id='word_1_131' title='bbox 330 2255 410 2306; x_wconf 83' lang='lat' dir='ltr'>vcro</span> <span class='ocrx_word' id='word_1_132' title='bbox 428 2237 460 2301; x_wconf 93' lang='lat' dir='ltr'>in</span> <span class='ocrx_word' id='word_1_133' title='bbox 476 2235 589 2322; x_wconf 82' lang='lat' dir='ltr'>fugam</span> <span class='ocrx_word' id='word_1_134' title='bbox 606 2241 845 2320; x_wconf 85' lang='lat' dir='ltr'>convertendo,</span> <span class='ocrx_word' id='word_1_135' title='bbox 863 2239 985 2306; x_wconf 88' lang='lat' dir='ltr'>multos</span> <span class='ocrx_word' id='word_1_136' title='bbox 1003 2239 1154 2327; x_wconf 86' lang='lat' dir='ltr'>captivos</span> <span class='ocrx_word' id='word_1_137' title='bbox 1171 2240 1339 2307; x_wconf 88' lang='lat' dir='ltr'>hominum</span> <span class='ocrx_word' id='word_1_138' title='bbox 1354 2238 1457 2322; x_wconf 81' lang='lat' dir='ltr'>Regni</span> 
     </span>
     <span class='ocr_line' id='line_1_19' title="bbox 332 2335 1458 2430; baseline -0.001 -21"><span class='ocrx_word' id='word_1_139' title='bbox 332 2335 436 2411; x_wconf 90' lang='lat' dir='ltr'>nostri</span> <span class='ocrx_word' id='word_1_140' title='bbox 453 2343 494 2410; x_wconf 89' lang='lat' dir='ltr'>dc</span> <span class='ocrx_word' id='word_1_141' title='bbox 510 2346 704 2430; x_wconf 85' lang='lat' dir='ltr'>captiuitatc</span> <span class='ocrx_word' id='word_1_142' title='bbox 720 2347 883 2414; x_wconf 90' lang='lat' dir='ltr'>dictorum</span> <span class='ocrx_word' id='word_1_143' title='bbox 906 2347 1161 2414; x_wconf 81' lang='lat' dir='ltr'>Teotonicorum</span> <span class='ocrx_word' id='word_1_144' title='bbox 1178 2346 1381 2430; x_wconf 88' lang='lat' dir='ltr'>liberarunt;</span> <span class='ocrx_word' id='word_1_145' title='bbox 1405 2343 1458 2410; x_wconf 87' lang='lat' dir='ltr'>rbi</span> 
     </span>
     <span class='ocr_line' id='line_1_20' title="bbox 333 2452 1457 2540; baseline -0.003 -21"><span class='ocrx_word' id='word_1_146' title='bbox 333 2453 439 2520; x_wconf 88' lang='lat' dir='ltr'>eciam</span> <span class='ocrx_word' id='word_1_147' title='bbox 454 2452 570 2519; x_wconf 85' lang='lat' dir='ltr'>letalia</span> <span class='ocrx_word' id='word_1_148' title='bbox 585 2454 618 2520; x_wconf 94' lang='lat' dir='ltr'>in</span> <span class='ocrx_word' id='word_1_149' title='bbox 636 2474 672 2522; x_wconf 87' lang='lat' dir='ltr'>se</span> <span class='ocrx_word' id='word_1_150' title='bbox 696 2454 835 2522; x_wconf 81' lang='lat' dir='ltr'>vulnera</span> <span class='ocrx_word' id='word_1_151' title='bbox 845 2461 1054 2540; x_wconf 87' lang='lat' dir='ltr'>receperunt.</span> <span class='ocrx_word' id='word_1_152' title='bbox 1074 2456 1137 2522; x_wconf 90' lang='lat' dir='ltr'>Pro</span> <span class='ocrx_word' id='word_1_153' title='bbox 1154 2454 1344 2522; x_wconf 91' lang='lat' dir='ltr'>huiusmodi</span> <span class='ocrx_word' id='word_1_154' title='bbox 1362 2453 1457 2537; x_wconf 88' lang='lat' dir='ltr'>igitur</span> 
     </span>
     <span class='ocr_line' id='line_1_21' title="bbox 333 2559 1457 2647; baseline -0.002 -17"><span class='ocrx_word' id='word_1_155' title='bbox 333 2559 550 2630; x_wconf 83' lang='lat' dir='ltr'>fidelitatibus</span> <span class='ocrx_word' id='word_1_156' title='bbox 567 2567 601 2628; x_wconf 88' lang='lat' dir='ltr'>et</span> <span class='ocrx_word' id='word_1_157' title='bbox 617 2562 769 2630; x_wconf 82' lang='lat' dir='ltr'>serviciis</span> <span class='ocrx_word' id='word_1_158' title='bbox 786 2581 907 2645; x_wconf 88' lang='lat' dir='ltr'>eorum,</span> <span class='ocrx_word' id='word_1_159' title='bbox 925 2569 958 2629; x_wconf 90' lang='lat' dir='ltr'>et</span> <span class='ocrx_word' id='word_1_160' title='bbox 973 2563 1051 2647; x_wconf 75' lang='lat' dir='ltr'>alijs</span> <span class='ocrx_word' id='word_1_161' title='bbox 1066 2563 1101 2630; x_wconf 88' lang='lat' dir='ltr'>in</span> <span class='ocrx_word' id='word_1_162' title='bbox 1113 2563 1255 2630; x_wconf 89' lang='lat' dir='ltr'>diuersis</span> <span class='ocrx_word' id='word_1_163' title='bbox 1271 2561 1457 2647; x_wconf 85' lang='lat' dir='ltr'>expedicio-</span> 
     </span>
     <span class='ocr_line' id='line_1_22' title="bbox 333 2670 1458 2761; baseline 0.003 -25"><span class='ocrx_word' id='word_1_164' title='bbox 333 2670 427 2736; x_wconf 90' lang='lat' dir='ltr'>nibus</span> <span class='ocrx_word' id='word_1_165' title='bbox 443 2671 550 2756; x_wconf 84' lang='lat' dir='ltr'>Regni</span> <span class='ocrx_word' id='word_1_166' title='bbox 566 2672 669 2738; x_wconf 88' lang='lat' dir='ltr'>nostri</span> <span class='ocrx_word' id='word_1_167' title='bbox 682 2671 897 2740; x_wconf 89' lang='lat' dir='ltr'>laudabiliter</span> <span class='ocrx_word' id='word_1_168' title='bbox 906 2673 1076 2760; x_wconf 85' lang='lat' dir='ltr'>impensis,</span> <span class='ocrx_word' id='word_1_169' title='bbox 1088 2673 1252 2761; x_wconf 84' lang='lat' dir='ltr'>prolatam</span> <span class='ocrx_word' id='word_1_170' title='bbox 1266 2679 1390 2739; x_wconf 86' lang='lat' dir='ltr'>terram</span> <span class='ocrx_word' id='word_1_171' title='bbox 1399 2670 1458 2739; x_wconf 80' lang='lat' dir='ltr'>sub</span> 
     </span>
     <span class='ocr_line' id='line_1_23' title="bbox 334 2778 1459 2866; baseline 0 -22"><span class='ocrx_word' id='word_1_172' title='bbox 334 2780 431 2846; x_wconf 89' lang='lat' dir='ltr'>certis</span> <span class='ocrx_word' id='word_1_173' title='bbox 447 2781 545 2848; x_wconf 87' lang='lat' dir='ltr'>metis</span> <span class='ocrx_word' id='word_1_174' title='bbox 562 2787 596 2846; x_wconf 87' lang='lat' dir='ltr'>et</span> <span class='ocrx_word' id='word_1_175' title='bbox 611 2779 777 2866; x_wconf 85' lang='lat' dir='ltr'>antiquis,</span> <span class='ocrx_word' id='word_1_176' title='bbox 793 2800 866 2848; x_wconf 91' lang='lat' dir='ltr'>cum</span> <span class='ocrx_word' id='word_1_177' title='bbox 882 2779 1129 2848; x_wconf 85' lang='lat' dir='ltr'>utilitatibusct</span> <span class='ocrx_word' id='word_1_178' title='bbox 1151 2779 1366 2866; x_wconf 90' lang='lat' dir='ltr'>pertinencijs</span> <span class='ocrx_word' id='word_1_179' title='bbox 1382 2778 1459 2859; x_wconf 90' lang='lat' dir='ltr'>suis,</span> 
     </span>
     <span class='ocr_line' id='line_1_24' title="bbox 333 2886 1460 2974; baseline -0.003 -21"><span class='ocrx_word' id='word_1_180' title='bbox 333 2888 459 2956; x_wconf 86' lang='lat' dir='ltr'>eisdem</span> <span class='ocrx_word' id='word_1_181' title='bbox 475 2889 592 2974; x_wconf 88' lang='lat' dir='ltr'>Paulo,</span> <span class='ocrx_word' id='word_1_182' title='bbox 609 2889 768 2973; x_wconf 90' lang='lat' dir='ltr'>Rolando,</span> <span class='ocrx_word' id='word_1_183' title='bbox 784 2889 985 2974; x_wconf 90' lang='lat' dir='ltr'>Lamperto,</span> <span class='ocrx_word' id='word_1_184' title='bbox 1001 2889 1115 2956; x_wconf 88' lang='lat' dir='ltr'>Blasio</span> <span class='ocrx_word' id='word_1_185' title='bbox 1132 2897 1166 2956; x_wconf 88' lang='lat' dir='ltr'>et</span> <span class='ocrx_word' id='word_1_186' title='bbox 1181 2889 1335 2956; x_wconf 88' lang='lat' dir='ltr'>omnibus</span> <span class='ocrx_word' id='word_1_187' title='bbox 1352 2886 1460 2953; x_wconf 83' lang='lat' dir='ltr'>iratri-</span> 
     </span>
     <span class='ocr_line' id='line_1_25' title="bbox 334 2995 1461 3086; baseline -0.001 -24"><span class='ocrx_word' id='word_1_188' title='bbox 334 2995 395 3064; x_wconf 89' lang='lat' dir='ltr'>bus</span> <span class='ocrx_word' id='word_1_189' title='bbox 412 2997 480 3062; x_wconf 88' lang='lat' dir='ltr'>suis</span> <span class='ocrx_word' id='word_1_190' title='bbox 496 2997 642 3083; x_wconf 90' lang='lat' dir='ltr'>uteriris,</span> <span class='ocrx_word' id='word_1_191' title='bbox 659 3003 692 3063; x_wconf 86' lang='lat' dir='ltr'>ot</span> <span class='ocrx_word' id='word_1_192' title='bbox 709 3017 768 3083; x_wconf 88' lang='lat' dir='ltr'>pcr</span> <span class='ocrx_word' id='word_1_193' title='bbox 784 3015 841 3086; x_wconf 86' lang='lat' dir='ltr'>eos</span> <span class='ocrx_word' id='word_1_194' title='bbox 857 2997 1004 3083; x_wconf 87' lang='lat' dir='ltr'>ipsorum</span> <span class='ocrx_word' id='word_1_195' title='bbox 1020 2997 1200 3066; x_wconf 88' lang='lat' dir='ltr'>heredibus</span> <span class='ocrx_word' id='word_1_196' title='bbox 1210 3048 1220 3083; x_wconf 92' lang='lat'>,</span> <span class='ocrx_word' id='word_1_197' title='bbox 1237 3015 1353 3065; x_wconf 88' lang='lat' dir='ltr'>eorum</span> <span class='ocrx_word' id='word_1_198' title='bbox 1371 2996 1461 3062; x_wconf 84' lang='lat' dir='ltr'>here·</span> 
     </span>
     <span class='ocr_line' id='line_1_26' title="bbox 336 3104 1463 3190; baseline -0.004 -20"><span class='ocrx_word' id='word_1_199' title='bbox 336 3104 479 3189; x_wconf 88' lang='lat' dir='ltr'>dumque</span> <span class='ocrx_word' id='word_1_200' title='bbox 494 3123 625 3172; x_wconf 90' lang='lat' dir='ltr'>suorum</span> <span class='ocrx_word' id='word_1_201' title='bbox 649 3105 900 3174; x_wconf 83' lang='lat' dir='ltr'>successoribus</span> <span class='ocrx_word' id='word_1_202' title='bbox 916 3104 1088 3190; x_wconf 87' lang='lat' dir='ltr'>dedimus,</span> <span class='ocrx_word' id='word_1_203' title='bbox 1114 3104 1315 3172; x_wconf 87' lang='lat' dir='ltr'>donauimus</span> <span class='ocrx_word' id='word_1_204' title='bbox 1340 3111 1375 3172; x_wconf 90' lang='lat' dir='ltr'>et</span> <span class='ocrx_word' id='word_1_205' title='bbox 1389 3121 1463 3167; x_wconf 90' lang='lat' dir='ltr'>con·</span> 
     </span>
     <span class='ocr_line' id='line_1_27' title="bbox 336 3211 1464 3299; baseline 0.001 -22"><span class='ocrx_word' id='word_1_206' title='bbox 336 3213 469 3280; x_wconf 90' lang='lat' dir='ltr'>tulimus</span> <span class='ocrx_word' id='word_1_207' title='bbox 487 3215 556 3280; x_wconf 91' lang='lat' dir='ltr'>iure</span> <span class='ocrx_word' id='word_1_208' title='bbox 581 3219 743 3299; x_wconf 87' lang='lat' dir='ltr'>perpetuo</span> <span class='ocrx_word' id='word_1_209' title='bbox 771 3213 1017 3299; x_wconf 89' lang='lat' dir='ltr'>possidendam.</span> <span class='ocrx_word' id='word_1_210' title='bbox 1034 3215 1078 3280; x_wconf 90' lang='lat' dir='ltr'>Vt</span> <span class='ocrx_word' id='word_1_211' title='bbox 1094 3219 1204 3281; x_wconf 83' lang='lat' dir='ltr'>sutem</span> <span class='ocrx_word' id='word_1_212' title='bbox 1229 3211 1327 3281; x_wconf 90' lang='lat' dir='ltr'>huius</span> <span class='ocrx_word' id='word_1_213' title='bbox 1352 3219 1464 3280; x_wconf 89' lang='lat' dir='ltr'>nostre</span> 
     </span>
     <span class='ocr_line' id='line_1_28' title="bbox 337 3320 1463 3408; baseline -0.002 -21"><span class='ocrx_word' id='word_1_214' title='bbox 337 3320 531 3388; x_wconf 86' lang='lat' dir='ltr'>donacionis</span> <span class='ocrx_word' id='word_1_215' title='bbox 548 3321 651 3388; x_wconf 87' lang='lat' dir='ltr'>series</span> <span class='ocrx_word' id='word_1_216' title='bbox 668 3323 767 3388; x_wconf 91' lang='lat' dir='ltr'>robur</span> <span class='ocrx_word' id='word_1_217' title='bbox 784 3323 933 3390; x_wconf 86' lang='lat' dir='ltr'>obtineat</span> <span class='ocrx_word' id='word_1_218' title='bbox 949 3331 1107 3407; x_wconf 84' lang='lat' dir='ltr'>perpetuo</span> <span class='ocrx_word' id='word_1_219' title='bbox 1119 3322 1296 3408; x_wconf 88' lang='lat' dir='ltr'>firmitatis,</span> <span class='ocrx_word' id='word_1_220' title='bbox 1313 3339 1374 3388; x_wconf 87' lang='lat' dir='ltr'>nco</span> <span class='ocrx_word' id='word_1_221' title='bbox 1390 3339 1463 3405; x_wconf 90' lang='lat' dir='ltr'>pro·</span> 
     </span>
     <span class='ocr_line' id='line_1_29' title="bbox 339 3429 1465 3516; baseline 0.001 -23"><span class='ocrx_word' id='word_1_222' title='bbox 339 3447 436 3496; x_wconf 82' lang='lat' dir='ltr'>cassu</span> <span class='ocrx_word' id='word_1_223' title='bbox 461 3433 645 3516; x_wconf 91' lang='lat' dir='ltr'>temporum</span> <span class='ocrx_word' id='word_1_224' title='bbox 661 3430 769 3514; x_wconf 90' lang='lat' dir='ltr'>possit</span> <span class='ocrx_word' id='word_1_225' title='bbox 793 3449 854 3516; x_wconf 86' lang='lat' dir='ltr'>per</span> <span class='ocrx_word' id='word_1_226' title='bbox 879 3431 1069 3516; x_wconf 86' lang='lat' dir='ltr'>quempiam</span> <span class='ocrx_word' id='word_1_227' title='bbox 1092 3432 1125 3496; x_wconf 90' lang='lat' dir='ltr'>in</span> <span class='ocrx_word' id='word_1_228' title='bbox 1151 3431 1278 3498; x_wconf 87' lang='lat' dir='ltr'>irritum</span> <span class='ocrx_word' id='word_1_229' title='bbox 1303 3429 1465 3510; x_wconf 85' lang='lat' dir='ltr'>revocari,</span> 
     </span>
     <span class='ocr_line' id='line_1_30' title="bbox 337 3537 1467 3627; baseline 0.002 -25"><span class='ocrx_word' id='word_1_230' title='bbox 337 3543 510 3622; x_wconf 84' lang='lat' dir='ltr'>presentes</span> <span class='ocrx_word' id='word_1_231' title='bbox 526 3537 749 3606; x_wconf 87' lang='lat' dir='ltr'>concessimus</span> <span class='ocrx_word' id='word_1_232' title='bbox 766 3538 902 3620; x_wconf 85' lang='lat' dir='ltr'>literas,</span> <span class='ocrx_word' id='word_1_233' title='bbox 928 3540 1094 3627; x_wconf 91' lang='lat' dir='ltr'>dupplicis</span> <span class='ocrx_word' id='word_1_234' title='bbox 1110 3539 1214 3625; x_wconf 88' lang='lat' dir='ltr'>sigilli</span> <span class='ocrx_word' id='word_1_235' title='bbox 1237 3541 1346 3606; x_wconf 90' lang='lat' dir='ltr'>nostri</span> <span class='ocrx_word' id='word_1_236' title='bbox 1361 3539 1467 3606; x_wconf 89' lang='lat' dir='ltr'>muni·</span> 
     </span>
     <span class='ocr_line' id='line_1_31' title="bbox 337 3643 1469 3732; baseline -0.002 -21"><span class='ocrx_word' id='word_1_237' title='bbox 337 3645 425 3711; x_wconf 88' lang='lat' dir='ltr'>mine</span> <span class='ocrx_word' id='word_1_238' title='bbox 441 3645 624 3712; x_wconf 84' lang='lat' dir='ltr'>roboratas.</span> <span class='ocrx_word' id='word_1_239' title='bbox 642 3643 766 3714; x_wconf 88' lang='lat' dir='ltr'>Datum</span> <span class='ocrx_word' id='word_1_240' title='bbox 780 3665 838 3731; x_wconf 91' lang='lat' dir='ltr'>per</span> <span class='ocrx_word' id='word_1_241' title='bbox 854 3667 971 3716; x_wconf 90' lang='lat' dir='ltr'>manus</span> <span class='ocrx_word' id='word_1_242' title='bbox 988 3647 1126 3714; x_wconf 87' lang='lat' dir='ltr'>discreti</span> <span class='ocrx_word' id='word_1_243' title='bbox 1136 3647 1198 3716; x_wconf 87' lang='lat' dir='ltr'>viri</span> <span class='ocrx_word' id='word_1_244' title='bbox 1215 3648 1368 3732; x_wconf 81' lang='lat' dir='ltr'>magistri</span> <span class='ocrx_word' id='word_1_245' title='bbox 1388 3651 1469 3715; x_wconf 85' lang='lat' dir='ltr'>Bar-</span> 
     </span>
     <span class='ocr_line' id='line_1_32' title="bbox 339 3753 1472 3840; baseline 0.002 -22"><span class='ocrx_word' id='word_1_246' title='bbox 339 3753 496 3822; x_wconf 90' lang='lat' dir='ltr'>tholomci</span> <span class='ocrx_word' id='word_1_247' title='bbox 513 3753 591 3820; x_wconf 87' lang='lat' dir='ltr'>aule</span> <span class='ocrx_word' id='word_1_248' title='bbox 602 3760 715 3824; x_wconf 86' lang='lat' dir='ltr'>nostro</span> <span class='ocrx_word' id='word_1_249' title='bbox 726 3753 1033 3840; x_wconf 77' lang='lat' dir='ltr'>Vise-cancellarii,</span> <span class='ocrx_word' id='word_1_250' title='bbox 1045 3755 1159 3824; x_wconf 89' lang='lat' dir='ltr'>dilecti</span> <span class='ocrx_word' id='word_1_251' title='bbox 1172 3763 1205 3824; x_wconf 88' lang='lat' dir='ltr'>et</span> <span class='ocrx_word' id='word_1_252' title='bbox 1215 3755 1324 3822; x_wconf 87' lang='lat' dir='ltr'>fidelis</span> <span class='ocrx_word' id='word_1_253' title='bbox 1343 3755 1472 3838; x_wconf 74' lang='lat' dir='ltr'>nostri,</span> 
     </span>
     <span class='ocr_line' id='line_1_33' title="bbox 341 3862 1471 3949; baseline 0.004 -22"><span class='ocrx_word' id='word_1_254' title='bbox 341 3881 429 3928; x_wconf 89' lang='lat' dir='ltr'>anno</span> <span class='ocrx_word' id='word_1_255' title='bbox 446 3862 579 3929; x_wconf 90' lang='lat' dir='ltr'>Domini</span> <span class='ocrx_word' id='word_1_256' title='bbox 589 3863 766 3930; x_wconf 88' lang='lat' dir='ltr'>millesimo</span> <span class='ocrx_word' id='word_1_257' title='bbox 777 3863 848 3934; x_wconf 81' lang='lat'>00⁰</span> <span class='ocrx_word' id='word_1_258' title='bbox 865 3863 1088 3949; x_wconf 86' lang='lat' dir='ltr'>octuagesimo</span> <span class='ocrx_word' id='word_1_259' title='bbox 1099 3865 1255 3949; x_wconf 86' lang='lat' dir='ltr'>secundo,</span> <span class='ocrx_word' id='word_1_260' title='bbox 1273 3871 1368 3932; x_wconf 84' lang='lat' dir='ltr'>sexto</span> <span class='ocrx_word' id='word_1_261' title='bbox 1390 3863 1471 3932; x_wconf 88' lang='lat' dir='ltr'>ldus</span> 
     </span>
     <span class='ocr_line' id='line_1_34' title="bbox 341 3968 1171 4060; baseline 0.005 -24"><span class='ocrx_word' id='word_1_262' title='bbox 341 3968 361 4036; x_wconf 89' lang='lat' dir='ltr'>J</span> <span class='ocrx_word' id='word_1_263' title='bbox 365 3969 433 4055; x_wconf 91' lang='lat' dir='ltr'>ulij,</span> <span class='ocrx_word' id='word_1_264' title='bbox 450 3969 712 4055; x_wconf 66' lang='lat' dir='ltr'>lucracionem,</span> <span class='ocrx_word' id='word_1_265' title='bbox 737 3973 845 4060; x_wconf 87' lang='lat' dir='ltr'>Regni</span> <span class='ocrx_word' id='word_1_266' title='bbox 862 3979 975 4042; x_wconf 81' lang='lat' dir='ltr'>autom</span> <span class='ocrx_word' id='word_1_267' title='bbox 991 3973 1095 4041; x_wconf 91' lang='lat' dir='ltr'>nostri</span> <span class='ocrx_word' id='word_1_268' title='bbox 1112 3972 1171 4040; x_wconf 84' lang='lat' dir='ltr'>X0.</span> 
     </span>
    </p>
   </div>
   <div class='ocr_carea' id='block_1_11' title="bbox 739 4166 1072 4239">
    <p class='ocr_par' dir='ltr' id='par_1_11' title="bbox 739 4166 1072 4239">
     <span class='ocr_line' id='line_1_35' title="bbox 739 4166 1072 4239; baseline 0.012 -19"><span class='ocrx_word' id='word_1_269' title='bbox 739 4169 834 4236; x_wconf 60' lang='lat' dir='ltr'>(caea</span> <span class='ocrx_word' id='word_1_270' title='bbox 855 4166 1072 4239; x_wconf 65' lang='lat' dir='ltr'>resarsurum.)</span> 
     </span>
    </p>
   </div>
   <div class='ocr_carea' id='block_1_12' title="bbox 0 0 1600 5164">
    <p class='ocr_par' dir='ltr' id='par_1_12' title="bbox 0 0 1600 5164">
     <span class='ocr_line' id='line_1_36' title="bbox 0 0 1600 5164; baseline 0 0"><span class='ocrx_word' id='word_1_271' title='bbox 0 0 1600 5164; x_wconf 95' lang='lat' dir='ltr'> </span> 
     </span>
    </p>
   </div>
  </div>
 </body>
</html>
