3142 5164
808 391 969 494 Q

323 597 530 683 confirmari;
558 593 685 663 eisdam
710 591 817 662 nostri
832 589 970 677 gracia,
994 604 1067 656 cnm
1092 583 1137 652 ad
1152 601 1212 650 scs
1236 580 1440 664 accesserint,

324 727 422 796 super
437 705 613 794 premissis
629 708 759 772 uestras
774 701 906 771 litteras
923 695 1073 768 conlerre
1088 692 1212 764 uelitis.

433 833 503 902 Nos
519 833 619 917 igitur
644 829 737 898 iuxta
764 825 1006 896 continenciam
1024 822 1246 910 predictarum
1271 817 1445 884 litteramn

327 943 453 1014 domini
469 943 521 1008 W.
540 938 699 1029 Episcopi
724 937 919 1016 Nitriensis;
945 942 979 1002 et
994 932 1074 1017 quia
1098 929 1201 997 irater
1222 926 1262 994 G.
1279 925 1324 992 de
1340 923 1447 992 ordine

326 1055 464 1122 fratrum
480 1049 642 1116 minorum
657 1045 722 1113 uiri
739 1042 826 1132 (lgy)
843 1041 964 1110 nobilis
989 1041 1032 1108 de
1047 1037 1164 1105 Ludan
1190 1035 1360 1120 predictas
1375 1033 1449 1098 litte

328 1181 383 1230 ras
399 1164 530 1226 uestras
557 1174 633 1224 esse
658 1151 800 1222 asseruit
826 1169 934 1218 coram
955 1147 1073 1231 nobis,
1097 1145 1130 1210 in
1147 1143 1243 1210 huius
1269 1143 1315 1208 rei
1340 1159 1449 1206 memo
1540 1141 1541 1148 ’

329 1272 412 1338 mam
427 1271 601 1354 presentes
627 1261 851 1331 concessimus
877 1259 1005 1327 litteras
1032 1254 1136 1340 sigilli
1153 1251 1256 1319 nostri
1281 1248 1450 1316 munimine

330 1379 516 1446 roboratas.
552 1372 673 1438 Datum
701 1388 761 1456 per
785 1387 901 1437 manus
927 1363 1064 1434 discreti
1089 1361 1156 1431 uiri
1189 1359 1339 1446 magistri
1366 1355 1450 1438 sixti,

331 1485 480 1554 Lectoris
498 1479 649 1550 Ecclesie
675 1482 806 1564 nostre,
833 1494 920 1542 anno
935 1470 1073 1540 Domini
1088 1471 1138 1540 ll⁰
1152 1468 1226 1537 00⁰
1241 1467 1452 1554 octnageaimc
1543 1515 1544 1518 ,

334 1629 378 1642 -
394 1629 438 1642 -
453 1587 579 1659 mensis
595 1585 750 1672 Augusti.

444 1801 593 1876 (Eredetie
604 1819 623 1858 a
635 1799 769 1860 Namneti
781 1798 916 1856 Muneum
930 1793 1056 1853 kdzirati
1068 1786 1357 1868 gylijtemdnydben.)

779 2103 1036 2120 W·-

869 2667 946 2732 tto.

348 2880 497 2970 Adorjdo
522 2883 632 2947 Iatcdo
656 2881 778 2968 sadkaly
803 2881 902 2966 Iapeto
917 2882 948 2944 da
973 2879 1041 2946 tb'bb
1062 2881 1201 2970 Thelepd
1224 2885 1344 2970 mcyyai
1373 2883 1465 2948 sacke-

349 2989 419 3078 lyab
443 3012 499 3077 epp
509 2987 748 3077 prepostfhlcai
773 2989 875 3054 birtolc
901 2987 1071 3054 eladdactra
1096 2991 1268 3056 couotlcozo'
1297 2991 1467 3078 bizonyactp-

806 3095 910 3161 lecole.
927 3097 1026 3161 1280.

459 3313 528 3379 Nos
544 3311 737 3398 Stephanus
762 3311 931 3378 Adrianus
960 3311 1078 3379 (lomes
1105 3331 1145 3378 ac
1163 3315 1265 3380 ceteri
1290 3315 1392 3384 Siculi
1414 3315 1471 3380 viri

352 3421 485 3508 prouidi
501 3427 534 3489 et
550 3419 678 3488 honesti
702 3423 735 3488 in
752 3420 887 3505 dyocesi
903 3418 1055 3504 Thelegd
1072 3423 1254 3489 constituti.
1278 3425 1334 3491 Ad
1350 3425 1472 3490 uniuer-

353 3551 462 3600 sornm
487 3531 641 3597 noticiam
667 3529 873 3616 presencium
899 3529 960 3594 sub
985 3539 1101 3598 tenore
1126 3532 1271 3599 volumus
1299 3535 1473 3620 peruenire,

355 3640 473 3725 quibus
500 3647 671 3723 presentes
704 3637 943 3723 ostenduntur,
969 3636 1059 3720 quod
1082 3637 1228 3707 lacobus
1253 3639 1341 3708 filius
1365 3640 1477 3709 Jacobi

354 3747 456 3816 irater
472 3747 607 3831 Georgii
634 3750 721 3816 bone
737 3744 892 3814 memorie
918 3745 960 3812 de
977 3745 1065 3814 Gald
1082 3767 1124 3813 ex
1152 3767 1218 3816 nna
1233 3756 1331 3836 parte
1341 3800 1351 3834 ,
1376 3751 1478 3817 altera

356 3877 434 3926 vero
450 3864 548 3942 parte
564 3856 726 3924 Gerlacus
752 3855 794 3922 de
810 3855 1041 3922 Pulcromonte
1058 3865 1091 3922 et
1111 3856 1273 3924 Henricus
1300 3859 1343 3928 de
1360 3861 1479 3930 Sancta

356 3967 507 4050 Agatha,
525 3972 558 4032 et
574 3963 801 4032 Theodericus
818 3962 905 4030 filius
923 3963 1084 4030 Herbcrdi
1103 3967 1269 4034 constituti
1296 3987 1407 4033 coram
1426 3985 1480 4033 no·

357 4075 420 4152 bis,
444 4071 499 4157 qni
515 4073 658 4158 professi
685 4081 761 4139 sunt
777 4072 839 4139 tali
856 4071 953 4138 modo
971 4091 1081 4137 coram
1106 4073 1214 4160 nobis,
1234 4075 1322 4160 quod
1338 4075 1481 4143 lacobus

359 4189 478 4248 terram
504 4199 597 4247 snam
622 4177 878 4262 hereditarium,
912 4188 947 4246 et
972 4180 1116 4248 mediam
1141 4191 1272 4267 partem
1307 4181 1484 4250 molendini

360 4311 433 4360 cnm
458 4291 646 4358 attinenciis
671 4291 737 4358 sibi
761 4287 1001 4376 pertinentibus
1028 4289 1062 4356 in
1088 4289 1307 4375 Probstroph,
1337 4311 1400 4372 que
1426 4310 1486 4357 sna

362 4405 456 4465 erant
481 4395 701 4478 hereditaria,
726 4395 924 4486 supradictis
950 4397 1065 4484 probis
1089 4397 1169 4465 viris
1195 4399 1234 4466 G.
1253 4408 1287 4465 et
1310 4399 1351 4464 H.
1377 4396 1485 4464 et'l'b.

362 4503 512 4574 vendidit
527 4525 586 4590 pro
603 4507 712 4574 altera
736 4506 849 4573 media
864 4525 974 4574 merca
990 4503 1047 4574 fini
1063 4509 1215 4590 argenti,
1233 4507 1379 4596 ipsorum
1398 4505 1488 4574 bere·

363 4614 471 4698 dibus,
488 4613 709 4696 heredumque
734 4614 981 4682 successoribus
996 4615 1242 4700 possidendam,
1267 4617 1315 4684 ita
1330 4621 1441 4682 tamen
1459 4617 1489 4680 si

364 4721 431 4788 ullo
455 4739 609 4804 umquam
637 4729 784 4805 tempore
809 4721 932 4805 aliquis
957 4721 1103 4808 ipsorum
1127 4727 1343 4808 cognatorum
1367 4723 1488 4793 lucebi
