3156 5158
878 337 899 401 4

809 435 960 449 ,...---

332 534 535 620 gestionibns
552 555 573 600 a
590 533 645 599 ria
667 533 872 599 rectitudinis
899 531 1104 616 abstrahant,
1121 551 1187 598 nec
1214 532 1374 617 exemplis
1399 532 1455 600 de·

332 644 497 712 tentandis
514 641 690 724 abducant,
708 647 796 708 tuum
807 647 927 708 statum
943 639 1114 725 pacificum
1137 640 1286 726 diligant,
1298 641 1457 708 tuossub·

333 752 417 818 ditos
442 751 575 818 foveant
600 759 708 816 elsua
724 747 863 816 luerain
881 749 998 815 alienis
1016 746 1199 833 dispendiis
1216 771 1282 818 non
1297 756 1456 817 venentur

334 859 389 942 qui
406 878 485 942 erga
501 865 588 926 tuam
606 867 639 924 et
654 856 827 924 carissime
847 856 880 922 in
891 856 1025 925 Christo
1041 856 1109 922 filio
1128 863 1238 925 nostre
1255 907 1262 920 .
1280 906 1288 922 .
1307 905 1314 921 .
1331 858 1456 940 Regine

332 965 480 1052 Ungarie
498 966 649 1051 illustris,
666 966 826 1033 consortis
842 970 908 1050 tue,
925 964 1088 1032 carissimi
1103 963 1139 1030 in
1159 964 1287 1034 Christo
1314 965 1373 1030 filii
1399 985 1453 1032 no-

333 1076 390 1141 stri
406 1077 442 1144 (l.
459 1077 559 1162 Regis
576 1075 689 1143 Sicilie
707 1081 784 1142 nate
799 1093 963 1158 personas
980 1073 1138 1140 fidelitate
1155 1093 1196 1138 ae
1212 1073 1454 1142 devotionede-

332 1183 400 1250 bita
415 1185 580 1270 polleant,
607 1184 736 1249 sincero
762 1183 881 1250 affeetu
906 1183 1053 1249 serviant
1070 1187 1103 1248 et
1120 1183 1248 1249 consilii
1265 1181 1455 1249 maturitate

333 1293 523 1360 clarescant.
549 1293 651 1358 Decet
676 1291 838 1374 siquidem
864 1291 951 1357 eirea
976 1297 1067 1358 tuam
1083 1297 1116 1357 et
1131 1291 1239 1376 ipsius
1256 1290 1381 1374 Regiae
1398 1309 1453 1355 cn-

334 1400 475 1468 stodiam
491 1401 641 1469 sollerter
656 1399 847 1485 intendere,
866 1399 1037 1484 ipsamque
1056 1398 1097 1464 ob
1113 1400 1235 1466 claram
1253 1401 1385 1484 generis
1401 1399 1455 1466 sui

333 1511 544 1597 prosapiam,
562 1509 602 1578 ob
630 1509 830 1593 singularem
855 1511 906 1576 sui
931 1509 1061 1595 generis
1088 1509 1295 1592 claritatem,
1313 1513 1345 1572 et
1369 1505 1456 1573 tanti

335 1619 497 1704 Principis
507 1669 516 1704 ,
534 1620 585 1686 sui
600 1619 780 1704 genitoris,
807 1619 960 1700 obtentu,
979 1619 1071 1686 euius
1087 1619 1191 1687 virtus
1208 1617 1345 1703 eminet,
1362 1617 1453 1682 onius

333 1729 472 1814 probata
488 1731 664 1795 strenuitas
680 1728 846 1796 evidentia
862 1727 1065 1814 probationis
1092 1725 1360 1814 experimentalis
1386 1725 1454 1790 elu-

334 1844 396 1920 cet,
412 1837 505 1904 iuxta
521 1843 688 1902 tantarum
714 1837 1033 1904 circumstantiarum
1062 1837 1262 1921 exigentiam
1278 1833 1453 1920 singulari·

335 1953 385 2010 ter
401 1945 572 2028 honorare,
589 1951 624 2010 ut
639 1944 785 2012 eiusdem
802 1943 903 2028 Regis
920 1946 1048 2013 animus
1064 1947 1125 2012 tibi
1141 1945 1270 2012 vinculo
1296 1948 1387 2009 tante
1403 1941 1453 2007 uf-

334 2052 470 2120 dnitatis
486 2053 649 2134 astrictus,
668 2053 727 2120 toti
743 2055 853 2138 Regni
869 2060 967 2119 tuoet
983 2053 1086 2138 ipsius
1103 2053 1222 2120 ineolis
1240 2049 1455 2138 proindefor·

334 2160 399 2226 tius
424 2159 654 2246 astringantur.
690 2164 758 2228 Nos
785 2167 893 2228 summ
925 2161 1073 2228 zelantes
1099 2162 1197 2229 etiam
1229 2161 1456 2246 temporaliter

334 2287 524 2354 prosperum
540 2277 660 2337 statum
676 2277 785 2353 tunm,
804 2271 848 2338 ad
874 2271 979 2356 ipsius
1010 2274 1293 2340 conservationem
1321 2277 1355 2336 et
1380 2289 1455 2354 pro·

334 2379 510 2446 motionem
527 2378 558 2444 in
577 2379 641 2446 tuis
658 2380 934 2467 oportunitatibus
952 2381 1193 2462 Magnificentie
1208 2381 1312 2465 Regin
1323 2399 1457 2468 promp-

336 2486 504 2554 titudinem
523 2488 705 2574 Apostolici
723 2488 846 2558 favoris
864 2487 1041 2574 offerimus,
1059 2498 1091 2554 et
1107 2489 1149 2556 ob
1175 2489 1237 2558 hec
1263 2487 1371 2577 ipsam
1386 2493 1458 2556 tam

337 2593 524 2663 affectuosis
550 2595 782 2663 monitionibus
809 2598 1017 2681 prerenimus
1042 2599 1193 2665 volentes
1218 2606 1253 2664 ut
1277 2597 1320 2664 ad
1346 2617 1406 2663 nos
1423 2605 1459 2661 et

337 2711 426 2770 tuam
441 2710 590 2789 matrem,
606 2705 787 2772 Romanam
805 2705 1008 2790 Ecclesiam,
1026 2725 1100 2773 cum
1116 2707 1203 2774 omni
1219 2703 1339 2773 fiducia
1357 2711 1389 2772 et
1405 2723 1458 2770 se-

336 2811 475 2878 curitate
489 2831 656 2897 recurras,
673 2833 735 2895 qne
751 2812 813 2879 tibi
828 2823 987 2899 oportuna
1018 2814 1158 2892 fuerint,
1175 2835 1247 2880 cum
1262 2813 1460 2880 habundan-

336 2918 384 2986 tia
399 2925 536 3004 paterne
553 2921 746 3003 dulcedinis,
765 2929 919 3004 quantum
937 2941 1007 2987 eum
1026 2923 1097 2990 Deo
1113 2925 1299 3008 poterimus,
1321 2941 1459 3008 percep·

336 3036 438 3097 turus.
456 3029 498 3094 nt
523 3049 618 3110 ecee,
634 3031 678 3098 ad
694 3031 739 3095 tui
755 3031 879 3098 favoris
895 3037 1103 3115 angmentum
1120 3031 1364 3100 venerabilibus
1390 3032 1459 3098 fra-

336 3138 442 3204 tribus
458 3137 576 3202 nostris
593 3137 860 3224 Arcbiepiseopie
877 3145 909 3205 et
927 3139 1122 3224 Episcopia,
1140 3139 1324 3223 ceterisque
1341 3139 1460 3204 Prela·

336 3247 379 3312 tis
394 3243 628 3323 Ecclesiarum,
654 3267 714 3314 nee
730 3267 796 3313 non
813 3248 1005 3331 comitibus,
1022 3247 1206 3315 Beronibus
1223 3256 1255 3316 et
1281 3247 1357 3314 aliis
1384 3247 1460 3316 lda-

338 3353 492 3437 gnatibus
517 3355 622 3440 Regni
648 3356 695 3421 tui
721 3353 918 3422 affectuosas
945 3374 1002 3440 pro
1029 3363 1062 3421 te
1088 3357 1214 3422 litteras
1240 3356 1461 3442 destinamus,

337 3463 429 3549 ipsos
446 3463 490 3530 ad
507 3463 728 3532 exhibendam
744 3471 801 3532 tue
817 3463 1012 3532 eelsitudini
1028 3463 1213 3533 affectionis
1225 3471 1258 3531 et
1269 3463 1464 3533 devotionis

339 3571 508 3657 debitum,
533 3573 658 3656 tibique
685 3580 875 3642 constanter
902 3580 936 3640 et
961 3573 1050 3640 fideli
1068 3575 1204 3641 consilio
1221 3582 1253 3640 et
1269 3575 1395 3641 anxilio
1412 3611 1465 3626 --

338 3717 380 3731 -
395 3715 440 3729 ·-
454 3715 498 3729 --
515 3683 799 3750 commoditatibus
817 3683 1033 3751 assistendum
1051 3681 1229 3751 efficaciter
1246 3690 1278 3749 et
1300 3683 1465 3769 multipli-

338 3792 420 3859 eiter
434 3789 655 3861 exhortantes.

340 3985 495 4059 (Theiner,
519 3985 704 4045 Monumenta
725 3985 873 4046 Histuriea
894 3986 1073 4060 Hungariam
1095 3987 1212 4046 Sacram
1236 3989 1471 4064 illustrandas
1557 4009 1558 4025 ¹

693 4078 783 4149 lrdtet,
796 4080 889 4136 Roma
901 4079 978 4136 1859.
992 4080 1053 4135 304.
1066 4077 1098 4152 l.)
