3142 5170
829 293 952 393 ff,

338 493 524 575 integrare;
551 489 780 556 nichilominus
809 490 852 556 ab
878 493 951 576 ipsa
977 488 1056 555 data
1073 491 1283 574 preseuoium
1300 497 1467 574 pretautus

340 602 497 682 magister
516 599 685 667 lohannes
711 617 782 664 eum
805 618 868 665 nno
889 601 979 666 sosio
995 598 1060 664 sibi
1078 597 1231 680 adjuncto
1249 600 1280 663 in
1298 600 1466 684 poliendis
1564 631 1565 634 ¹

340 707 508 791 lapidibus
537 707 648 770 statim
674 704 802 786 absque
829 705 936 772 medio
952 705 1062 786 aliquo
1080 703 1178 771 debet
1192 705 1301 788 ipsum
1317 727 1405 791 opus
1422 707 1465 772 in·

339 833 436 882 eoare
446 863 455 897 ‚
482 820 515 878 et
534 833 594 898 per
608 821 710 880 totam
727 815 844 882 iemem
861 813 987 893 absque
1004 811 1140 895 aliquali
1156 813 1405 882 intermissione
1421 814 1466 880 la-

339 923 476 1004 borare,
493 921 620 1006 lapides
636 929 746 990 tamen
756 972 765 1006 ‚
784 930 984 1003 sementum,
1002 939 1157 1006 arenam,
1174 940 1294 1005 aquam
1310 930 1346 989 et
1363 927 1465 1008 ligna

338 1031 437 1109 mina,
455 1031 484 1096 si
500 1049 563 1112 que
579 1039 672 1096 erunt
688 1052 747 1116 pro
763 1033 835 1116 ipso
852 1049 951 1114 opere
977 1029 1188 1112 necessaria,
1216 1029 1369 1098 dominus
1386 1034 1464 1116 Epi·

339 1157 462 1222 soopus
474 1137 594 1204 deferri
605 1139 713 1223 faeiat,
725 1146 757 1206 et
768 1139 890 1224 deponi
901 1139 992 1204 iuxta
1002 1139 1141 1206 eoelesie
1151 1137 1402 1206 fundamentum
1412 1162 1466 1226 po

337 1245 455 1329 nenda,
473 1246 668 1324 ordinanda,
680 1253 714 1312 et
724 1249 872 1328 loeanda,
883 1247 915 1312 in
927 1266 1034 1331 opere,
1047 1252 1143 1330 prout
1153 1247 1275 1312 debent
1293 1249 1463 1314 laboribus
1564 1271 1565 1274 ¹

336 1353 485 1436 magistri
501 1350 670 1421 lohannes
688 1353 920 1421 memorati-
934 1388 979 1402 -·
995 1353 1140 1439 perfeeto
1166 1355 1251 1421 enirn
1279 1374 1383 1439 opere
1408 1357 1463 1424 do-

337 1463 444 1527 minus
470 1461 652 1546 Episcopus
677 1461 854 1528 seeundum
880 1481 971 1528 suum
987 1463 1144 1529 honorem
1159 1466 1337 1548 assumpsit
1354 1485 1393 1531 se
1411 1483 1463 1531 ne-

341 1567 491 1634 stiturum
517 1567 707 1652 magistrum
735 1569 916 1636 lohannem
934 1569 1168 1652 supradictum.
1186 1571 1308 1636 Datum
1327 1571 1360 1635 in
1379 1571 1462 1639 festo

338 1673 488 1743 Omnium
507 1677 699 1744 Sanctorum
727 1688 813 1746 anno
839 1671 969 1744 Domini
988 1675 1132 1745 Mucc‘.
1150 1679 1389 1764 octuagesimo,
1415 1699 1463 1748 se·

231 1793 234 1800 ’
339 1785 452 1870 ptimo.

336 1976 478 2048 (Teutsoh
493 1975 705 2048 seruabatur,
718 1977 956 2036 Urkundenbuoh
970 1994 1021 2032 aur
1034 1975 1210 2033 Gesehiobte
1224 1976 1461 2050 Siebenbttrgens

803 2069 823 2122 l.
843 2069 870 2124 lr.
885 2071 947 2126 139.
962 2067 993 2140 l.)

871 2367 1028 2376 ..φ-..ᾖ-

857 2918 935 2983 lul.

333 3095 382 3159 Aa
396 3097 517 3182 eudelys'
532 3097 688 3181 kdptuluu
703 3095 975 3181 bizouyadpleuela,
997 3095 1077 3183 leopy
1093 3095 1194 3162 Golas·
1208 3097 1324 3161 Balteo
1338 3095 1417 3183 prof
1427 3100 1458 3160 e's
1564 3107 1565 3148 l

325 3203 391 3289 fiai
407 3205 583 3290 Hesoru'msts
606 3206 686 3268 nevil
710 3203 892 3268 biatolsstkat
909 3205 1016 3290 Respo
1031 3203 1171 3291 9r6fnak
1187 3207 1218 3268 aa
1225 3205 1357 3288 fiainak
1373 3207 1457 3270 elod-
1564 3217 1565 3268 l

799 3311 863 3377 tat.
891 3313 989 3376 1287.

440 3508 625 3593 Capitulum
644 3506 793 3575 lleolesie
810 3507 905 3575 Beati
929 3507 1102 3575 llliehaalis
1117 3507 1374 3593 manssilvane,
1392 3529 1458 3579 om-

333 3618 430 3686 nibus
455 3615 577 3684 christi
600 3615 752 3683 fidelibus
778 3623 964 3702 presentem
981 3617 1138 3702 paginam
1154 3616 1353 3701 inspecturis
1371 3621 1459 3686 saln-

332 3733 399 3792 tem
415 3725 448 3791 iu
464 3743 512 3792 eo.
531 3723 588 3808 qui
603 3725 746 3792 salntem
763 3731 917 3807 operatus
934 3729 985 3792 est
1000 3725 1033 3788 in
1050 3723 1157 3791 medio
1173 3731 1270 3790 terre.
1296 3727 1338 3793 Vt
1354 3729 1458 3810 gestis

333 3835 521 3912 hominum,
548 3851 606 3900 seu
631 3833 760 3899 autibus
785 3833 848 3899 rite
872 3851 911 3898 aa
940 3831 1084 3915 legitime
1101 3831 1288 3914 salebratis,
1306 3836 1459 3905 studiosa

333 3943 549 4026 malignorum
563 3941 725 4028 cupiditas
742 3947 883 4023 nequeat
899 3939 1034 4008 obuiare
1051 3946 1149 4022 atque
1175 3943 1362 4021 novercari,
1383 3945 1458 4029 ipsa

333 4057 429 4134 gesta
442 4052 497 4118 rel
511 4057 587 4118 aeta
603 4052 644 4116 ad
660 4051 822 4116 cautelam
833 4051 1013 4116 litterarum
1023 4047 1206 4133 patrocinio
1217 4062 1460 4120 oonsueuerunt

336 4157 492 4238 roborari,
511 4164 547 4223 ut
563 4159 596 4224 in
614 4165 778 4243 posterum
794 4157 926 4224 minime
951 4156 1178 4240 titubantem
1196 4158 1361 4224 vacillent.
1379 4160 1458 4225 Pro·

334 4273 449 4353 pterea
464 4266 511 4332 ad
527 4267 753 4332 uniuersorum
768 4262 944 4347 noticiam,
959 4269 1026 4330 tam
1044 4264 1268 4347 presentium,
1287 4283 1385 4346 quam
1402 4287 1457 4351 po-

332 4381 493 4441 sterorum
517 4372 633 4438 harum
659 4373 745 4440 serie
760 4373 910 4438 uolumus
926 4373 1118 4454 peruenire,
1145 4369 1234 4452 quod
1259 4373 1457 4440 aecedentes

333 4482 376 4550 ad
400 4489 545 4549 nostram
570 4481 775 4564 presenciam
796 4479 912 4545 Bulren
928 4479 1066 4559 (lomes,
1084 4479 1247 4545 Barlabas
1258 4528 1267 4562 ‚
1285 4479 1455 4560 Nimiam,

333 4596 365 4658 et
380 4587 560 4676 Gregorius
583 4587 643 4655 lilii
670 4587 814 4656 eiusdem
839 4585 880 4652 de
897 4585 984 4653 (lald
1001 4605 1042 4652 ex
1061 4586 1277 4671 permissione
1294 4591 1325 4650 et
1341 4589 1453 4655 uolun-
