3142 5164
878 312 942 378 182

826 412 936 424 ,...---
946 411 977 418 .-

329 509 525 595 ,nebilibus
538 519 572 576 et
597 509 769 586 Comanis,
796 529 837 576 aa
853 511 931 596 alijs
948 509 1100 578 omuibus
1117 509 1233 592 ineolis
1248 511 1356 594 Regni
1371 511 1473 578 noemi

347 619 566 706 habebamus,
585 639 695 690 eoram
713 617 839 687 eisdem
856 619 1043 686 Batonibus
1059 627 1093 686 et
1108 618 1277 686 nobilibus
1292 619 1402 706 Regni
1419 639 1473 686 nn

347 729 406 796 stri
432 727 552 795 dietam
580 735 703 795 terram
721 727 846 795 Kurtus
873 747 945 794 eum
972 728 1123 795 omnibus
1139 727 1337 795 utilitatibus
1353 735 1386 796 et
1403 747 1474 813 per·

347 835 501 924 tiuennijs
512 837 583 903 suis
594 837 659 922 ipsi
675 834 794 903 Oomiti
804 835 971 902 Demetrio
989 840 1022 901 et
1037 837 1106 903 auis
1121 834 1300 902 heredibus
1317 843 1474 922 perpetuo

347 945 568 1028 relinquentes
580 943 719 1030 panitiae
729 951 764 1010 et
779 944 890 1028 quiete
900 943 1150 1029 possidendam,
1162 953 1196 1010 et
1205 945 1312 1028 ipsam
1323 945 1473 1013 eollaaio-

349 1074 425 1122 nem
441 1060 588 1122 nostram
614 1054 707 1139 prius
723 1053 848 1121 saetam
875 1053 1065 1120 innovando
1092 1049 1271 1140 (duximus)
1289 1052 1472 1120 eorfirman·

348 1162 426 1230 dam
437 1167 468 1229 et
478 1162 614 1230 eosdem
625 1161 761 1229 Latibor
772 1181 813 1228 ae
828 1161 915 1229 filios
926 1180 1003 1230 suos
1021 1160 1064 1228 ad
1080 1168 1203 1230 terram
1219 1181 1332 1230 eorum
1350 1163 1474 1250 propri-

349 1291 403 1336 am
418 1271 453 1336 in
468 1269 597 1336 'lurueb
618 1271 812 1337 existentem
830 1271 1071 1337 transmisimus
1087 1270 1133 1338 ad
1150 1269 1323 1340 seruitium
1339 1290 1472 1339 eonsue-

348 1385 417 1444 tum
433 1378 529 1446 nobis
550 1375 816 1462 impendendum,
838 1377 1010 1446 silentium
1021 1385 1216 1474 perpetuum
1232 1379 1322 1446 dieto
1338 1379 1474 1446 Latibur

349 1491 383 1553 et
397 1483 475 1572 filijs
492 1485 561 1554 suis
577 1505 675 1570 super
697 1486 899 1571 repeticione
916 1485 1002 1554 dinte
1018 1495 1104 1554 terre
1116 1485 1317 1573 inponendo,
1334 1487 1474 1555 aasnatis

350 1595 502 1662 omnibus
529 1591 649 1662 litteris
677 1594 783 1680 ipsius
810 1593 947 1664 Latibor
973 1599 1006 1663 et
1021 1595 1244 1664 instrumentis
1261 1594 1474 1679 quouismedn

350 1703 534 1788 impetratis
562 1711 595 1769 et
621 1705 766 1788 optentis
776 1753 785 1787 ,
815 1709 848 1769 et
874 1703 908 1768 in
924 1703 1050 1770 irritum
1067 1705 1243 1772 rennuatis.
1261 1703 1300 1770 Iu
1316 1703 1413 1770 euius
1430 1702 1475 1769 rei

350 1811 540 1877 memoriam
565 1809 815 1894 firmitatemque
841 1817 1033 1898 perpetuam
1060 1818 1230 1896 presentes
1255 1811 1474 1881 eoncessimns

350 1917 478 1986 litteras
494 1917 661 2002 duppliais
687 1917 789 2004 sigilli
816 1919 919 1986 nostri
945 1919 1123 1987 munimine
1148 1919 1333 1987 roboratas.
1355 1919 1475 1986 Datum

352 2045 413 2112 per
437 2044 555 2093 manns
583 2027 719 2094 disereti
745 2025 808 2093 uiri
834 2027 984 2114 magistri
999 2027 1141 2112 Nicolai,
1158 2029 1234 2096 aule
1251 2034 1366 2095 nostre
1381 2029 1475 2096 Viae-

353 2132 572 2221 Cancellarij,
599 2136 712 2202 dilecti
738 2141 771 2202 el
796 2135 903 2204 fidelis
930 2139 1032 2206 nostri
1048 2158 1136 2206 anno
1152 2135 1288 2205 Domini
1304 2135 1476 2205 millesima

353 2225 578 2312 ducentesimo
603 2243 845 2329 septuagesimo
871 2265 966 2328 nouo,
992 2245 1099 2330 Regni
1122 2253 1234 2314 autem
1260 2243 1367 2313 nestri
1392 2263 1474 2312 enno

353 2350 503 2439 septimo.

722 2543 779 2617 (Aa
792 2545 902 2604 eredeti
916 2545 995 2604 utin.
1017 2548 1115 2616 uuor.)
