3142 5164
577 357 742 472 -1—95—

97 559 228 627 lationis
254 559 462 644 huiusmodi,
489 559 584 642 quasi
610 560 729 626 baculo
744 559 948 629 harundineo
965 560 1116 628 incautus
1131 549 1223 631 inhe-

98 688 191 754 rens,
218 689 283 736 non
311 670 417 735 solum
445 669 572 753 Legato
589 688 655 736 uon
671 669 814 752 parebat
830 669 953 754 eidem,
970 671 1031 738 sed
1048 691 1085 738 se
1102 671 1221 756 ipsum,

98 797 222 844 necnon
248 779 394 846 stallos
419 776 461 842 ah
488 777 558 844 eius
586 778 793 844 Prelatorum
820 777 885 843 sibi
901 776 1130 845 adherentium
1149 778 1223 844 obe

98 885 220 952 dientia
236 907 301 953 non
319 886 446 970 absque
462 893 539 952 note
565 885 704 972 macula,
721 884 883 951 interdum
900 883 1221 970 comminationibus,

98 993 349 1078 inductionibus,
361 991 522 1061 interdum
539 1013 697 1079 penarum
713 990 944 1061 indictionibus
960 991 1171 1061 retrahebat:
1188 975 1233 1060 in¹

99 1121 135 1168 ee
149 1103 321 1186 potissime
336 1108 428 1170 tanto
444 1101 587 1186 graviori
605 1103 717 1170 dolore
741 1101 978 1189 perpunginrur
999 1109 1032 1170 et
1048 1100 1221 1168 anxiamur

99 1211 268 1296 augustia,
296 1217 418 1294 quanto
444 1211 608 1279 incautius
634 1211 812 1299 superbiis
828 1213 950 1294 Regem
967 1231 1005 1279 se
1020 1213 1139 1298 ipsum,
1155 1211 1224 1278 aui-

98 1337 184 1384 mam
199 1326 232 1384 et
247 1321 394 1403 Regnum
410 1339 471 1386 sua
487 1320 606 1388 dicitur
616 1320 805 1407 involuisse,
823 1319 913 1386 unde
924 1319 1079 1404 progredi
1093 1317 1223 1387 ridetur

97 1427 129 1491 in
146 1426 287 1511 devium,
305 1436 338 1494 et
353 1429 419 1494 uisi
433 1429 569 1514 resiliat,
585 1429 619 1496 in
636 1429 775 1496 ruinam.
792 1429 860 1495 Nos
877 1429 993 1511 itaque
1008 1447 1099 1494 more
1116 1435 1227 1515 pasto-

98 1534 143 1600 ris
159 1535 201 1600 de
218 1535 394 1602 commisso
411 1535 507 1602 nobie
523 1555 625 1622 grege
641 1537 815 1621 dominico,
838 1541 871 1601 et
887 1535 993 1602 salute
1008 1538 1116 1620 Regia
1132 1535 1225 1602 iuxta

98 1641 197 1710 officii
213 1644 318 1710 nostri
334 1642 552 1730 dabitemus
568 1645 739 1713 videamur
755 1647 787 1710 iu
805 1664 845 1712 eo
870 1664 911 1710 ae
936 1646 1050 1729 Regno
1076 1643 1222 1728 predicto

98 1751 290 1837 negligere,
316 1751 403 1835 quod
427 1753 461 1819 in
487 1753 666 1820 Catholicis
692 1751 887 1821 Christianis
913 1771 1059 1820 amamus
1073 1802 1082 1837 ,
1109 1753 1225 1819 sedulo

98 1861 302 1948 cogitantes,
328 1881 369 1928 ac
394 1862 474 1928 licet
497 1864 642 1932 nondum
653 1863 695 1930 ad
712 1881 772 1930 nos
789 1881 829 1930 ex
846 1869 942 1947 parte
959 1881 1021 1929 sua
1037 1879 1139 1946 super
1155 1881 1227 1947 pro·

97 1969 266 2037 secutione
291 1971 526 2057 appellationis
552 1972 742 2040 huiusmodi
766 1973 877 2039 nuncii
902 1989 962 2038 seu
993 1975 1222 2055 procuratores

98 2077 151 2144 sui
166 2078 326 2163 venerint,
351 2081 520 2164 premissis
536 2081 663 2166 absque
685 2079 926 2147 intermissione
942 2077 1100 2161 temporis
1117 2095 1228 2145 occur-

96 2192 230 2269 rentes,
260 2185 498 2254 celsitudinem
523 2188 679 2274 llegiam,
705 2207 748 2255 ne
774 2186 836 2254 snb
861 2185 984 2254 talibus
1009 2185 1150 2253 nubibus
1175 2202 1228 2250 ee·

98 2295 255 2380 spitaudo
271 2297 483 2382 precipitatur
498 2299 641 2384 pastoris
658 2297 840 2365 ministerio
852 2293 1069 2380 reconditus,
1080 2294 1123 2360 ad
1135 2311 1228 2362 suam

99 2409 134 2468 et
148 2403 257 2488 Regni
273 2403 324 2469 sui
338 2405 477 2472 salutem
503 2406 562 2472 sub
588 2425 648 2492 spe
665 2406 782 2472 summi
808 2405 933 2488 patris,
957 2402 1116 2488 promptis
1131 2400 1225 2466 adhi-

98 2510 179 2577 bitis
206 2509 325 2579 studiis
340 2513 559 2597 prevenimus.
575 2512 737 2580 Attenuat
753 2512 851 2594 igitur
867 2531 904 2578 se
918 2510 1036 2595 ipsum,
1054 2513 1088 2575 et
1102 2507 1228 2590 videat,

97 2619 189 2701 quod
204 2619 345 2706 dicitur,
370 2621 446 2688 dum
462 2621 612 2704 auditur,
641 2619 727 2704 qnod
751 2617 886 2701 Regalis
910 2617 1023 2684 domus
1048 2615 1227 2699 Ungarica,

98 2746 166 2811 que
194 2730 365 2796 consuevit
395 2729 540 2799 athletas
565 2729 686 2797 Christi
710 2733 825 2795 contra
851 2725 1002 2792 infideles
1035 2723 1228 2810 producere,

98 2857 141 2905 ac
156 2839 329 2922 insurgere
349 2838 393 2906 ad
409 2836 649 2926 reprimendam
674 2837 832 2906 astutiam
848 2833 1061 2902 barbarorum
1072 2883 1082 2919 ,
1108 2839 1143 2900 ct
1166 2852 1230 2919 que

98 2947 190 3016 viros
207 2947 365 3014 enutrivit
379 2948 501 3014 electos
510 2999 519 3035 ,
546 2947 710 3017 catholice
725 2943 803 3014 fidei
823 2941 1048 3030 professores,
1065 2941 1170 3010 Deum
1196 2947 1232 3008 et

98 3061 239 3124 matrem
263 3055 449 3125 Ecclesiam
475 3063 682 3139 reverentes,
714 3057 858 3122 cultores
883 3053 1028 3136 iustitie,
1062 3049 1231 3134 religionis

98 3164 292 3233 Christiane
315 3167 494 3236 servitores
521 3167 715 3252 precipuos,
742 3168 776 3230 et
790 3162 919 3248 piorum
945 3179 1079 3246 operum
1098 3155 1231 3226 sedulos

97 3279 294 3358 sectatores,
310 3276 370 3346 tali
386 3283 420 3342 et
435 3283 539 3362 tanto,
555 3275 644 3359 quod
660 3293 700 3342 ex
711 3273 879 3362 premissis
891 3269 1066 3354 colligitur,
1087 3263 1231 3334 nefando

98 3383 258 3466 contagio
274 3386 452 3454 maculetur
469 3409 477 3450 :
494 3383 655 3470 attendat,
682 3381 771 3468 quod
787 3383 820 3446 in
845 3377 994 3465 presenti
1012 3373 1145 3458 negotio
1162 3371 1232 3458 agi·

97 3500 155 3560 tur
183 3511 287 3560 causa
303 3493 444 3580 Christi,
470 3513 571 3576 aquo
595 3513 662 3560 uon
688 3499 740 3558 est
765 3483 1044 3578 appellationibus
1069 3479 1233 3549 diverten·
1317 3557 1319 3562 ,

97 3603 202 3688 dum;
228 3621 306 3670 nam
322 3601 396 3689 ipse
420 3609 586 3671 scrutator
605 3601 752 3670 cordium
775 3597 901 3666 iudicat
924 3594 1002 3662 illas
1027 3593 1127 3659 Deus.
1155 3587 1232 3667 Qui-

96 3713 165 3778 bus
184 3711 445 3795 allegationibus
470 3729 507 3780 se
530 3711 674 3796 muniet,
695 3709 790 3791 dum,
817 3712 853 3772 ut
877 3703 1012 3785 dicitur,
1038 3700 1234 3766 iuramento

95 3841 173 3888 rum
191 3825 227 3885 et
241 3825 290 3886 tot
305 3819 558 3916 promissionum
568 3819 720 3903 violator,
731 3817 876 3883 maxime
885 3818 1000 3882 eontra
1014 3806 1123 3889 iidem,
1138 3805 1236 3871 liher-

95 3937 209 3997 tatem
220 3927 494 4009 ecelesiasticam,
509 3927 545 3994 in
556 3925 705 4010 notoriis,
718 3925 851 4010 iusuper
861 3921 894 3988 iu
911 3941 950 3988 co
963 3917 1074 4001 etiarn,
1085 3913 1175 4000 quod
1185 3917 1237 3980 est

95 4047 257 4123 tempore
273 4036 469 4123 periturum,
496 4043 610 4104 contra
635 4034 911 4103 renuntiationem
928 4047 1021 4096 suam
1037 4043 1078 4092 ac
1094 4025 1234 4092 salutem

95 4145 296 4234 propriam,
323 4145 384 4211 sub
409 4147 514 4231 pallio
541 4146 620 4244 talis
646 4141 882 4230 appellationis
909 4133 1104 4204 inobediens
1123 4150 1234 4200 eoram

101 4255 234 4324 Christi
249 4255 382 4322 Vicario
399 4262 614 4342 presentatus.
631 4255 802 4339 Respuunt
816 4247 978 4316 interdum
993 4242 1028 4308 in
1038 4239 1162 4310 talibus
1178 4259 1236 4324 ap-

97 4363 327 4539 parationes,
351 4361 471 4430 nedum
496 4363 637 4445 Divina,
667 4363 726 4430 sed
742 4361 886 4428 humana
900 4350 1036 4420 iudicia.
1053 4347 1180 4426 Quibus
1199 4364 1235 4414 se

97 4494 144 4560 po
162 4470 230 4538 erit
245 4467 335 4554 apud
349 4469 470 4536 iustum
485 4468 624 4538 iudicem
641 4487 801 4538 excusare
817 4461 994 4548 suffragiis,
1005 4455 1234 4525 dumsalutem

99 4603 195 4650 suam
223 4587 260 4646 et
285 4579 422 4664 Regalis
438 4581 575 4647 nominis
592 4579 713 4648 lamam
738 4573 967 4664 postposuisse
983 4569 1033 4636 sie
1048 4563 1185 4654 dieitur;
1204 4572 1238 4632 et

95 4691 242 4778 patitur,
269 4685 359 4771 quod
374 4687 434 4756 sub
461 4705 521 4755 suo
538 4695 689 4774 pretextu
711 4689 746 4754 iu
762 4692 876 4770 Regno
892 4683 941 4750 sic
956 4669 1129 4850 ωιὶέοὲῢο,
1145 4681 1235 4748 unde

1003 4789 1018 4852 1
