3156 5158
360 1108 389 1171 I.
408 1109 536 1194 liudolf
546 1111 763 1179 rauci-admei
779 1115 888 1201 birola
897 1116 1042 1182 manebat
1057 1122 1478 1210 mapparleirdlyne'bzucpp-

835 1221 896 1292 bea.
915 1225 1013 1292 1274.

471 1421 768 1509 congratulationis
791 1425 917 1493 amicae
933 1427 1118 1510 placiditas,
1137 1427 1239 1494 literis
1255 1431 1383 1510 vestris,
1400 1447 1482 1512 quas

363 1547 467 1614 nuper
482 1531 579 1598 ralde
596 1538 766 1617 gratanter
783 1533 979 1619 accepimus,
995 1553 1095 1620 super
1113 1536 1287 1603 fortunatis
1303 1542 1336 1600 ct
1351 1555 1481 1621 prospe-

291 1653 293 1662 ·
362 1635 408 1704 ris
425 1645 561 1706 nostrae
577 1641 816 1708 sublimationis
831 1641 986 1727 auspiciis
997 1661 1070 1708 cum
1081 1642 1264 1728 tripudiosa
1275 1643 1482 1727 jocunditate

363 1749 528 1832 regalibus
545 1757 798 1836 repraesentata
815 1751 1057 1839 conspectibus,
1074 1754 1214 1820 animum
1235 1757 1379 1819 nostrum
1387 1757 1482 1819 tauto

363 1857 524 1926 uberioris
541 1861 653 1943 gaudii
668 1861 786 1946 poculo
803 1859 1013 1945 secundarit,
1033 1868 1156 1945 quanto
1183 1860 1416 1949 probabilioris
1441 1881 1482 1928 cx

362 1965 424 2033 boc
440 1967 624 2038 evidentiae
641 1976 833 2056 argumento
850 1969 1048 2055 colligimus,
1066 1972 1156 2054 quod
1171 1971 1260 2037 illius
1277 1969 1484 2036 indissolubi-

361 2075 400 2143 lis
417 2075 600 2146 dilectionis
617 2077 783 2162 identitas,
799 2099 895 2163 quam
922 2099 996 2145 cum
1013 2079 1123 2148 clarae
1139 2079 1381 2147 recordatiouis
1397 2075 1485 2160 (Ste-

362 2184 472 2271 phano
487 2187 578 2270 Rege
595 2181 697 2273 Ung.)
715 2187 784 2255 viro
800 2193 910 2255 restro
928 2187 1021 2270 quasi
1037 2205 1093 2254 cor
1108 2207 1207 2255 unum
1223 2193 1256 2254 et
1272 2186 1387 2256 eadem
1404 2189 1483 2254 auri-

363 2293 440 2360 citia
455 2297 599 2362 noscitur
615 2297 782 2365 exstitisse
799 2297 877 2364 dum
893 2302 1050 2364 annueret
1066 2292 1173 2381 (lgy),
1200 2315 1271 2362 cum
1289 2293 1402 2362 eodem
1428 2293 1484 2360 de·

362 2402 499 2470 cedente
515 2423 720 2488 nequaqnam
747 2403 892 2474 extincta
908 2405 1060 2492 deperiit,
1078 2405 1140 2472 scd
1155 2405 1189 2472 in
1205 2405 1300 2472 vobis
1315 2423 1483 2490 propaga-

360 2512 448 2578 tione
464 2511 624 2580 laudabili
640 2508 793 2580 radicata
808 2512 1078 2600 praedicabiliter
1094 2521 1126 2580 et
1143 2512 1312 2579 transfusa
1336 2513 1484 2579 tenacius

360 2621 558 2704 conquievit.
576 2623 682 2709 Super
699 2642 764 2706 quo
780 2623 910 2708 utiquc,
934 2630 967 2690 et
982 2641 1080 2707 super
1095 2622 1158 2688 hoc
1174 2623 1371 2707 praecipue,
1397 2621 1485 2704 quod

358 2726 458 2794 filiam
484 2739 627 2796 nostram
655 2731 779 2816 inclyto
804 2733 842 2796 A.
867 2729 935 2796 filio
961 2737 1072 2796 vestro
1098 2730 1216 2816 cupitis
1232 2726 1483 2797 matrimonialis

359 2836 482 2902 vinculi
499 2835 631 2905 foedere
648 2839 781 2924 couniri,
799 2838 885 2922 quod
901 2839 993 2904 auxit
1009 2839 1042 2904 in
1057 2845 1310 2922 pectoreuostro
1332 2837 1485 2902 diffusius

361 2947 532 3011 materiam
548 2945 753 3029 gaudiorum,
771 2947 947 3016 Dilectioni
962 2946 1101 3014 Vestrae
1116 2947 1158 3012 ad
1174 2955 1285 3032 grates
1301 2945 1484 3012 uberrimas

361 3052 571 3137 inclinantes,
589 3053 728 3138 proinde
745 3073 801 3120 vos
827 3065 859 3121 ct
876 3063 1003 3122 vestros
1019 3055 1210 3121 invariabili
1226 3055 1337 3121 animo
1354 3060 1498 3138 semper

360 3160 562 3246 disponimus
579 3163 684 3246 gratis
701 3163 858 3247 amplecti
873 3164 1042 3230 favoribus
1059 3168 1092 3228 et
1107 3161 1281 3247 condignis
1307 3162 1484 3228 bonoribus

360 3271 531 3354 ampliare.
557 3269 651 3336 Unde
677 3269 754 3337 licet
779 3271 876 3337 valde
899 3271 989 3338 cordi
1017 3270 1112 3338 nobis
1137 3272 1199 3354 sit,
1225 3271 1369 3353 licetque
1388 3269 1484 3334 laetis

358 3378 562 3465 praecordiis
578 3379 783 3466 affectemus,
799 3382 884 3464 quod
900 3379 1015 3448 domus
1032 3385 1144 3446 nostra
1162 3399 1232 3444 eum
1248 3385 1355 3445 vestra
1375 3378 1484 3444 matri·

359 3489 554 3556 monialibus
572 3478 701 3555 uniatur
727 3491 933 3574 amplexibus
950 3489 1071 3556 nativis
1087 3485 1204 3556 floride
1220 3487 1358 3570 virgulis
1374 3487 1486 3554 fecun-

359 3596 471 3663 danda
481 3647 489 3680 ,
514 3597 632 3681 quibus
657 3597 882 3685 progenitores
909 3599 1056 3664 exultant
1070 3597 1103 3662 in
1121 3597 1206 3664 filios
1222 3595 1363 3661 filiorum
1380 3621 1387 3661 :
1404 3591 1489 3676 quia

359 3715 468 3774 tamen
484 3707 609 3793 negotii
622 3706 807 3793 hujusmodi
823 3708 970 3775 arduitas
995 3708 1172 3792 principum
1198 3713 1231 3770 et
1255 3704 1396 3771 fidelium
1427 3721 1489 3766 uo·

360 3820 499 3882 atrorum
516 3819 654 3884 consilio
672 3817 797 3903 indiget
818 3817 934 3901 fulciri,
952 3805 1022 3883 clrm
1040 3814 1087 3882 eis
1103 3835 1201 3902 super
1218 3815 1279 3880 boc
1294 3813 1427 3880 finalem
1456 3817 1491 3875 ct

359 3924 536 3990 salutarem
552 3925 757 4010 disponimus
784 3925 980 3992 festinanter
1007 3925 1131 3990 babere
1157 3928 1352 4006 tractatum,
1378 3927 1413 3985 ut
1442 3921 1491 3987 ad

357 4033 517 4100 bonorem
534 4039 568 4098 ct
583 4033 788 4100 commodum
805 4035 910 4120 partis
926 4035 1093 4116 utriusque
1118 4032 1231 4098 votiva
1256 4029 1422 4097 conclusio
1453 4029 1491 4095 iu

357 4136 526 4230 praedicto
542 4141 672 4226 negotio
690 4142 917 4225 subsequatur.

748 4335 891 4409 (Palacky
904 4355 934 4393 u.
948 4354 973 4392 o.
984 4335 1045 4392 cic.
1055 4333 1088 4406 l.)

802 4639 1044 4654 y-————·—-·*·m
