3116 5166
591 276 744 424 Eg-
860 249 862 253 ,

110 511 295 599 ymaginem
312 516 346 578 et
362 509 609 578 similitudinem
628 471 848 595 representat,
864 517 1087 596 tempestuosa
1102 511 1237 585 fluctua-

110 621 199 688 tione
215 619 386 704 mixtaque
404 617 647 686 confunderent
663 625 695 684 et
711 636 769 685 sue
786 619 905 700 quietis
931 620 1169 692 beatitudinem
1185 625 1243 691 im·

84 792 86 798 .
110 727 271 814 pedirent,
289 728 469 812 quinimmo
485 733 521 795 ut
537 727 687 794 omuibus
704 727 765 794 sub
782 727 861 795 iuris
879 735 912 795 et
929 726 1112 798 honestatis
1129 735 1245 818 regula

111 835 272 920 limitetis,
299 835 424 920 singuli
449 833 519 902 rita
534 831 675 919 pacifica
700 835 849 903 uiuerent
865 843 898 904 ct
913 835 956 904 ab
973 835 1109 909 offensis
1124 839 1245 911 alteru·

51 1025 55 1042 Ι
111 951 194 1010 trum
212 943 442 1027 abstinerent,
467 962 628 1027 suumque
644 944 805 1013 factorem
823 944 942 1014 affectu
960 950 1106 1017 naturali
1123 969 1244 1036 cogno·

110 1059 251 1138 suerent,
269 1053 435 1138 cognitum
453 1052 598 1120 colerent
614 1057 647 1119 et
664 1059 861 1120 reverenter
876 1055 996 1121 Divino
1014 1055 1150 1142 imperio
1166 1059 1241 1126 sub·

111 1162 268 1228 iacerent.
285 1159 425 1227 Demum
440 1179 520 1227 vero
547 1159 633 1226 idem
650 1167 746 1246 pater
773 1161 957 1230 altissimus
974 1181 1015 1229 ex
1032 1163 1100 1230 alto
1117 1167 1244 1252 prospi-

112 1269 205 1336 ciens
220 1267 389 1357 populum,
401 1287 495 1352 quem
513 1275 698 1346 curaverat,
715 1269 937 1354 prothoplasti
953 1270 1074 1338 delicto
1086 1272 1244 1359 dampna-

110 1377 213 1444 ticnia
239 1377 437 1445 sententiam
463 1376 643 1446 incurrisse
653 1427 662 1461 ,
680 1395 775 1445 suum
791 1377 947 1444 dilectum
965 1379 1169 1465 unigenitum
1186 1383 1244 1448 mi·

111 1483 321 1552 sericorditer
338 1486 372 1552 in
389 1485 539 1551 mundum
556 1505 615 1571 pro
641 1485 746 1572 ipsius
763 1484 990 1573 redemptione
1008 1488 1121 1573 populi
1146 1487 1246 1556 dasti-

110 1593 214 1678 navit,
231 1593 287 1677 qui
305 1611 437 1660 carnem
452 1597 563 1662 nostre
580 1594 793 1663 mortalitatis
820 1595 964 1681 indutus,
986 1597 1125 1663 eundem
1142 1616 1243 1683 popu·

110 1701 178 1768 lum
195 1703 239 1769 ab
257 1708 369 1771 eterno
386 1703 532 1770 cruciatu
549 1705 663 1770 mortis
680 1703 822 1790 eriperet
839 1704 1087 1790 etredemptum
1099 1725 1160 1773 suo
1172 1725 1245 1792 pre·

110 1809 199 1877 ticso
225 1811 387 1898 sanguine
413 1811 567 1879 salvaret.
595 1811 665 1878 Nos
691 1811 791 1897 igitur
816 1813 848 1876 in
876 1811 940 1878 hac
956 1811 1108 1880 terrestri
1123 1815 1244 1898 patria,

112 1923 273 2002 quatenus
298 1917 474 2006 possimus,
502 1927 703 2002 exequentes
732 1921 822 1988 vices
839 1919 953 2004 ipsius,
969 1920 1118 1988 levamus
1135 1919 1245 2008 sigilis

111 2048 202 2096 more
219 2029 365 2113 pastoris
380 2037 448 2097 tam
466 2049 641 2114 corporeos
667 2048 765 2112 qnam
782 2027 944 2096 mentales
960 2029 1072 2096 oculos
1089 2030 1123 2096 iu
1141 2029 1243 2097 circu-

112 2137 172 2219 itu,
189 2137 302 2220 visuri,
321 2138 401 2222 quid
417 2141 510 2224 gregi
528 2139 703 2206 commisso
719 2137 815 2206 nobis
835 2137 1009 2223 expediat,
1027 2136 1153 2219 etquid
1170 2157 1246 2224 ope-

113 2245 159 2310 ris
177 2243 326 2329 impendi
344 2243 468 2313 debeat
486 2247 577 2314 circa
592 2245 708 2332 ipsum,
726 2252 761 2311 ut
777 2247 864 2313 illius
890 2245 966 2313 fulti
982 2245 1139 2333 presidio,
1156 2245 1247 2314 cuius

113 2359 192 2420 sunt
216 2357 303 2420 terre
319 2353 493 2440 cardines,
519 2355 569 2422 cui
595 2355 814 2440 cogitationes
830 2355 998 2422 bominum
1016 2361 1247 2441 preparantur,

112 2463 234 2545 quique
249 2461 383 2529 fortium
400 2483 498 2532 arcus
516 2467 662 2548 superat,
679 2469 712 2530 et
728 2461 874 2531 infirmos
890 2463 1008 2532 robore
1023 2471 1176 2549 potenter
1193 2483 1248 2529 ac·

111 2571 226 2656 cingit,
252 2573 356 2639 nostri
385 2579 495 2658 partes
521 2569 622 2638 officii
648 2571 824 2639 salubriter
840 2578 874 2638 et
892 2571 1014 2638 utiliter
1030 2591 1248 2658 exponamus,

112 2680 157 2746 ad
182 2697 225 2745 ea
249 2681 419 2767 presertim
430 2729 440 2763 ,
466 2699 531 2764 que
555 2678 708 2746 fidelibus
734 2680 865 2764 populis
881 2681 1070 2748 necessario
1087 2680 1246 2763 expedire

111 2787 290 2854 viderimus
317 2795 351 2856 ct
375 2789 563 2856 noverimus
590 2787 771 2874 profutura.
799 2789 918 2856 Verum
935 2788 1014 2855 licet
1029 2789 1192 2856 universis
1214 2798 1246 2857 et

111 2897 253 2980 singulis
277 2898 468 2983 regionibus
485 2895 557 2964 Deo
583 2905 616 2964 ct
642 2897 836 2983 Apostoliee
854 2897 932 2965 Sodi
949 2897 1079 2965 devotis
1096 2897 1242 2966 favorem

110 3005 357 3090 Apostolicum,
387 3005 539 3088 quotiens
564 3006 750 3073 necessitas
776 3006 909 3091 ingruit,
927 3004 1116 3090 impendere
1133 3012 1246 3074 tenea-

111 3132 192 3197 mur,
211 3133 339 3197 nosque
355 3114 400 3180 ad
417 3133 476 3182 eae
494 3121 606 3182 nostre
623 3114 900 3183 considerationis
912 3111 1135 3181 diffundamus
1148 3113 1246 3181 intui-

113 3229 200 3309 tum3
227 3243 316 3290 nunc
344 3230 455 3291 tamen
480 3225 601 3293 nobilis
627 3225 734 3308 Regni
759 3222 907 3308 ngaric
924 3224 1143 3290 necessitates
1159 3225 1244 3308 Apo-

112 3332 230 3398 stoliee
248 3329 329 3398 Sedi
343 3333 532 3415 frequentor
547 3333 718 3419 expositas
735 3329 980 3418 precordialiter
998 3330 1171 3416 iutuemur,
1188 3351 1245 3398 au·

113 3437 202 3505 ditas
213 3439 398 3524 recolimus,
411 3450 444 3507 et
456 3461 519 3509 non
532 3441 602 3509 sine
614 3439 722 3510 cordis
734 3437 957 3506 amaritudine
974 3438 1085 3524 sepius
1104 3448 1245 3505 contem·

116 3545 255 3629 plamur.
275 3547 495 3616 (londolemus
506 3549 592 3615 cuim
603 3548 810 3617 tumultuosis
821 3547 960 3615 motibus
972 3553 1003 3612 et
1014 3546 1182 3615 seditiosis
1198 3555 1245 3613 tu-

116 3653 270 3721 multibus
281 3657 436 3742 illius,qui
448 3655 500 3724 vel
511 3675 571 3742 per
586 3655 726 3724 dissidia
742 3655 963 3722 simulctatum
975 3657 1167 3723 alterutrum
1178 3655 1245 3723 dis·

116 3762 292 3847 sident,uel
303 3784 498 3852 congressus
510 3771 638 3833 mutuos
650 3771 682 3831 et
693 3763 782 3830 bella
797 3765 872 3848 plus
890 3783 988 3846 quam
1005 3763 1115 3830 civilia
1132 3763 1244 3830 imma·

117 3871 201 3939 niter
216 3872 422 3940 colliduntur.
441 3875 491 3940 Ex
507 3871 625 3958 quibus
643 3871 725 3938 inter
737 3871 813 3956 alia,
831 3871 918 3938 dono
934 3871 1030 3957 pacis
1047 3873 1244 3940 mortalibus

118 3983 244 4050 cunctis
254 3981 433 4050 accomodo
457 3983 569 4050 libello
581 3983 659 4049 dato
670 3979 807 4066 repudii,
819 3979 965 4065 graviter
981 3979 1101 4046 solium
1116 3981 1244 4064 Regale

118 4091 316 4175 deprimitur,
345 4090 483 4176 eiusque
509 4091 667 4178 depresso
692 4089 852 4175 regimine
877 4107 943 4156 non
960 4091 1064 4155 solum
1080 4089 1114 4153 in
1129 4091 1244 4172 Regno

116 4199 188 4283 ipso
212 4205 388 4288 vastantur
412 4200 500 4267 bona
524 4197 678 4283 fidelium,
704 4195 763 4264 sed
787 4199 859 4265 iura
876 4195 1101 4262 Ecclesiarum
1118 4203 1152 4262 et
1167 4195 1246 4262 alio·

117 4325 186 4374 rum
211 4307 340 4394 piorum
366 4309 513 4376 locorum
538 4305 572 4373 iu
593 4305 811 4395 direptionem
828 4301 972 4389 veniunt,
990 4308 1025 4370 ct
1040 4302 1176 4369 libertas
1193 4323 1244 4368 ec-

118 4415 307 4483 elesiastica
322 4415 577 4503 dampnabiliter
592 4416 819 4499 conculcatur;
837 4413 1017 4480 animarum
1029 4429 1157 4495 quoque
1167 4411 1244 4476 sub·

120 4531 275 4592 secuntur
290 4523 494 4610 deploranda
512 4525 667 4613 pericula,
678 4521 823 4590 nefanda
833 4539 1044 4604 personarum
1055 4517 1194 4600 excidia,
1213 4523 1247 4583 et

120 4633 188 4702 alia
203 4631 273 4701 iere
289 4633 461 4703 innumera
472 4633 680 4704 detrimenta.
690 4631 800 4712 Quare
811 4650 876 4698 non
886 4627 1048 4698 immerito
1060 4623 1246 4692 accenditur
