3002 5148
840 915 896 980 8⁵.

297 1107 357 1196 28)
382 1107 414 1174 A
436 1113 526 1200 pdpa
541 1111 674 1198 sulpur
693 1109 838 1198 dizonyos
856 1109 988 1196 sppiu'ci
995 1109 1237 1198 selmeutdsskrc
1255 1113 1431 1200 respiratui·

804 1239 922 1286 musca.

405 1413 566 1482 Nicolaus
592 1413 778 1502 Episcopus
802 1434 917 1484 seruus
943 1433 1112 1484 seruorum
1142 1417 1214 1500 Dei,
1240 1421 1429 1487 venerabili

296 1523 389 1592 fratri
413 1524 567 1611 Philippo
593 1525 760 1610 Episcopo
787 1525 944 1592 Firmano
969 1525 1157 1612 Apostolicc
1183 1525 1284 1596 Sedis
1300 1527 1428 1612 Legato

296 1633 437 1701 salutem
466 1641 500 1700 et
524 1631 748 1718 Apostolioam
774 1633 1046 1703 benedictionem.
1064 1632 1143 1702 Cum
1161 1641 1194 1701 te
1212 1636 1258 1701 od
1276 1635 1427 1724 Ungaric

296 1761 336 1808 ac
360 1741 517 1818 Polonie,
546 1741 733 1824 Dalmatio,
752 1743 904 1822 Oroatis,
920 1741 1025 1810 Rama
1035 1791 1045 1828 ,
1062 1743 1176 1811 Servio
1185 1793 1195 1826 ,
1213 1743 1428 1817 Lodomcrie,

298 1847 420 1916 Galitie
436 1855 468 1916 ct
484 1849 644 1918 Cumanic
660 1857 782 1938 partos,
800 1849 860 1916 tibi
877 1850 1050 1918 commisso
1073 1849 1154 1916 inibi
1170 1850 1270 1936 plene
1287 1852 1428 1938 legatio

296 1954 477 2040 nisofficio,
493 1976 554 2042 pro
569 1959 761 2044 urgentibus
778 1969 811 2025 et
827 1957 942 2026 arduis
960 1959 1102 2046 negotiis
1122 1958 1351 2027 destinemus:
1369 1979 1425 2025 nos

297 2065 459 2147 volentes,
478 2071 513 2130 ut
537 2063 570 2130 in
587 2065 684 2132 terris
700 2073 733 2133 et
748 2065 939 2151 regionibus
963 2075 1017 2134 tue
1034 2066 1210 2152 legationis
1226 2087 1269 2132 oo
1285 2069 1429 2156 amptius

296 2189 475 2256 generosus
501 2191 674 2254 occurras,
701 2194 766 2258 quo
791 2173 909 2243 maiori
934 2195 994 2262 per
1018 2194 1079 2243 nos
1096 2174 1199 2242 suerio
1225 2177 1430 2242 auctoritate

295 2280 463 2364 munitus,
490 2279 691 2349 fraternitati
707 2291 763 2350 tuo
780 2281 976 2352 absolvendi
992 2285 1086 2350 iuxta
1101 2281 1239 2350 sormam
1262 2283 1428 2366 Ecclesie,

295 2393 392 2476 prout
417 2387 575 2475 expedire
601 2389 736 2477 rideris,
754 2391 891 2459 clericos
909 2395 942 2456 et
958 2389 1062 2458 laicos
1079 2389 1248 2474 utriusque
1265 2407 1374 2458 sexus
1390 2393 1428 2457 sb

295 2496 667 2566 excommunicationum
692 2497 874 2583 sententiis,
896 2517 979 2582 quos
996 2517 1057 2584 pro
1074 2517 1123 2584 eo,
1140 2497 1226 2582 quod
1242 2499 1428 2568 Saracenis

295 2623 388 2671 arma
402 2611 435 2672 ct
451 2605 520 2674 alia
535 2605 704 2692 prohibita
721 2605 918 2689 detulerunt,
934 2607 1112 2674 incurrisse
1138 2615 1333 2682 noscuntur.
1352 2611 1428 2674 lite

295 2731 365 2780 ram
390 2711 599 2782 concedimus
624 2715 820 2782 auctoritate
845 2715 1044 2802 presentium
1072 2713 1275 2784 facultatem.
1302 2717 1426 2785 Datum

296 2817 433 2888 viterbii
447 2821 490 2888 X.
508 2819 679 2890 Kalendas
691 2821 854 2910 Octobris,
866 2822 1077 2892 Pontificatus
1088 2823 1192 2890 nostri
1204 2844 1293 2892 anno
1305 2828 1422 2912 primo

394 3014 455 3086 (111
468 3015 575 3074 Miklds
588 3014 667 3090 pdka
678 3015 881 3090 Begastdibdi,
894 3017 1022 3076 Theium
1034 3017 1073 3076 id.
1086 3037 1123 3074 m.
1137 3018 1160 3074 1.
1172 3017 1202 3074 k.
1216 3017 1280 3076 334.
1294 3019 1330 3092 1.)

721 3309 996 3324 ῡ-υψ

849 3848 909 3914 80.

293 4060 351 4148 29)
379 4061 411 4128 Α
420 4067 512 4150 popo
538 4063 675 4150 Europos
699 4065 968 4151 dccco-osetopotd
989 4065 1191 4130 dotoionnuol
1208 4063 1419 4150 selroddm

409 4279 566 4348 Nicotaus
591 4279 777 4369 Episcopus
802 4297 918 4348 seruus
943 4299 1111 4350 seruorum
1137 4281 1201 4348 Dei
1229 4284 1421 4350 venerabili

291 4387 387 4455 fratri
414 4387 565 4476 Philippo
590 4386 753 4476 Episcopo
779 4387 936 4457 Firmano
963 4389 1157 4474 Apostolice
1173 4387 1272 4458 Sedis
1289 4388 1421 4476 [agate

292 4495 433 4562 salutem
449 4499 481 4562 et
496 4495 721 4580 Apostolicam
748 4493 1022 4564 benedictionem.
1040 4498 1123 4566 cum
1147 4501 1182 4563 to
1196 4496 1242 4564 ad
1269 4497 1422 4584 Unguis

292 4619 334 4674 ao
359 4599 515 4690 Boionio,
541 4599 730 4687 Dalmatio,
752 4601 885 4679 croatie
894 4655 905 4699 ,
921 4604 1024 4672 usne
1034 4653 1044 4698 ,
1061 4603 1193 4689 Servio,
1209 4603 1421 4697 memorie,
