3142 5164
650 283 716 353 209

620 371 744 384 -n-u

121 481 275 571 petendo
292 477 378 570 (tgy)
391 499 429 550 se
445 479 565 548 edicto
575 477 675 549 fluuio
690 499 805 550 nemus
815 481 984 550 meridiem
994 483 1087 551 uenit
1096 482 1141 551 ed
1151 503 1250 553 onem

121 593 273 659 arborem
297 589 364 676 piri
379 608 532 674 curuum,
558 590 617 658 nbi
644 597 697 658 est
721 597 812 660 mete
837 597 966 677 tornee3
992 589 1115 660 dehinc
1137 592 1247 660 adhuc

120 718 237 767 uersus
254 695 424 766 meridiem
439 697 652 786 procedendo
679 699 775 767 uadit
791 699 836 768 ad
850 717 950 766 unum
976 701 1155 766 maximum
1172 719 1249 787 pro-

121 816 188 875 tum
205 829 265 894 per
281 811 388 876 metes
399 813 529 874 terreas
546 807 772 892 consignatos,
788 808 846 874 ubi
862 808 1095 892 suntquedam
1111 807 1249 876 arbores

122 916 255 1005 solicis3
272 924 307 984 et
330 916 452 983 dehinc
476 935 538 1002 per
560 915 703 1010 medium
730 915 836 1002 ipsius
863 916 998 982 maximi
1022 916 1111 1000 proti
1135 935 1249 1002 prooe-

124 1025 233 1094 dendo
251 1043 367 1093 uersus
384 1025 608 1108 occidentem,
625 1024 733 1109 iungit
749 1043 786 1092 se
803 1025 847 1092 ed
864 1031 985 1092 terram
1000 1023 1160 1106 Neugred
1175 1044 1251 1112 pre·

122 1133 227 1202 iotam
243 1136 378 1220 iterato,
393 1133 448 1200 ubi
474 1138 561 1210 mete
579 1132 738 1200 dictorum
755 1132 992 1218 particularum
1019 1131 1248 1200 terminantur.
1294 1166 1297 1172 ¹

122 1242 285 1328 Obligare
301 1260 338 1308 se
358 1242 521 1328 Georgids
536 1229 738 1309 memoratos
755 1261 867 1308 eorem
883 1229 999 1326 nobis,
1015 1227 1117 1326 ¹super
1134 1243 1252 1325 preuio

120 1351 286 1438 particulo
302 1357 388 1419 terre
407 1351 613 1420 Deusteluke
630 1355 753 1418 uocatu
770 1351 812 1417 ob
830 1350 982 1417 omnibus
992 1399 1002 1435 ,
1030 1350 1086 1434 qui
1102 1352 1250 1433 aliquem

122 1463 331 1546 questionem
357 1479 455 1545 super
471 1461 636 1551 premisso
648 1495 650 1502 ι
661 1458 827 1543 porticula
844 1461 932 1526 terre
956 1465 1073 1526 contra
1091 1457 1251 1528 Comitem

120 1570 307 1655 Mycaelem
324 1567 380 1633 uei
394 1567 480 1636 filios
497 1586 575 1635 suos
589 1565 833 1652 ‘seu-quoslibet
850 1586 1070 1656 successores,
1083 1569 1252 1636 suscitare

121 1680 324 1760 niterentur,
349 1675 526 1743 defendere
544 1695 584 1742 ae
611 1676 780 1759 expedire.
808 1677 914 1762 Super
941 1676 1135 1744 eutem‘elie
1150 1681 1252 1760 parti-

123 1787 207 1871 cule,
224 1783 322 1872 quam
334 1787 498 1853 Marcello
516 1785 713 1853 uendideret
723 1837 732 1870 ‚
751 1788 909 1854 assumsit
925 1788 1039 1854 eodem
1055 1785 1152 1853 modo
1169 1806 1251 1872 sepe

124 1894 249 1962 dietum
276 1893 436 1962 Comitem
453 1895 636 1980 Mycaelem
664 1885 698 1960 et
714 1915 793 1963 suos
819 1909 1032 1964 successores
1058 1916 1080 1962 a
1105 1895 1252 1980 quolibet

122 2022 182 2088 pro
205 2003 281 2088 ipsa
307 2001 471 2089 particula
498 2021 731 2087 quameunque
756 2005 961 2087 questionem
986 2024 1121 2071 mouere
1146 2005 1250 2070 inten-

124 2111 225 2178 dente
243 2117 276 2180 et
291 2114 443 2197 uolente,
470 2110 717 2199 expediturum
734 2113 894 2208 Marcello
906 2129 920 2198 ,‘
931 2117 983 2180 oui
994 2101 1074 2208 ¹ipso
1089 2111 1253 2198 particule

123 2219 264 2286 uendite
280 2219 406 2303 fuerat,
425 2227 457 2286 et
473 2219 553 2305 fiiijs
570 2221 640 2314 suis
668 2221 839 2290 dumtaxat
856 2225 1022 2312 exceptis;
1039 2224 1253 2307 relinquendo

121 2323 235 2396 tamen
251 2329 358 2398 dietas
373 2328 559 2418 particulos
576 2349 706 2415 semper
730 2331 795 2416 ipsi
812 2332 932 2400 domiti
950 2333 1083 2399 Mioaeli
1101 2353 1173 2399 cum
1191 2351 1254 2398 sua

121 2436 322 2522 posteritate
348 2437 486 2524 pacifice
511 2436 742 2523 possidendas.
760 2439 798 2504 In
814 2440 908 2506 cuius
934 2441 983 2505 rei
1002 2439 1191 2506 memoriam
1210 2441 1254 2506 ud

122 2547 324 2613 instanciam
350 2549 498 2635 ipsorum
524 2547 672 2632 parcium
698 2555 873 2633 presentes
900 2548 1125 2628 concessimus
1152 2547 1255 2632 sigilli

121 2656 229 2723 nostri
245 2657 424 2723 munimine
439 2655 622 2724 roboratos.
641 2655 763 2723 natum
781 2657 864 2740 ferio
883 2658 987 2724 tercia
1003 2657 1154 2742 proxime
1171 2660 1249 2720 ante

123 2763 246 2832 festum
262 2765 360 2831 Beati
385 2763 519 2832 Andree
533 2766 699 2850 Apostoli,
717 2785 803 2840 anno
819 2765 952 2832 Domini
969 2765 1029 2832 Μ’).
1048 2763 1127 2832 00⁰.
1144 2763 1255 2832 Lxx*

121 2893 223 2940 nono.
243 2873 384 2941 Domino
400 2873 503 2942 Batus
518 2875 691 2960 Preposito
701 2925 710 2959 ,
728 2875 887 2958 magistro
899 2875 996 2948 ,Iwan
1014 2873 1167 2960 (tentore,
1185 2895 1252 2942 ma-

121 2983 425 3066 gistro-Benedieto
443 2982 597 3067 Custode,
614 2981 750 3052 Alberto
768 2983 903 3051 Deceno
920 2984 1153 3053 existentibus.

233 3183 347 3250 Jeppoet.
368 3179 395 3234 A
408 3178 516 3250 Kdiley
526 3177 754 3272 nemnetseguek
765 3177 960 3263 bdrhdrtydrs
973 3177 1042 3234 irott
1054 3177 1255 3252 pdlddrrydbdl

121 3269 252 3329 misultis
265 3269 502 3328 Horvttlstvdn.
525 3272 607 3340 Erdp.

178 4729 295 4780 stom
305 4729 388 4776 EUM.
397 4721 469 4776 ΗΜ.
479 4749 507 4764 -
518 4731 581 4776 Dm
594 4729 614 4775 0.
