3116 5166
112 1166 168 1250 16)
184 1165 217 1230 A
229 1170 321 1256 papo
348 1164 510 1252 mopsos
528 1163 718 1253 mepecpeda}
735 1163 815 1251 bopy
829 1163 1012 1253 tcnpoertt
1028 1165 1062 1232 ds
1076 1163 1169 1254 oppid
1183 1167 1231 1234 s'o·

217 1275 402 1363 pdsdpciro'i
417 1272 674 1362 ceprecddetilcp
699 1271 859 1340 sectatos
873 1273 1126 1340 insubstantia.

218 1471 377 1541 Nicotaus
406 1471 593 1562 Episcopus
619 1489 735 1539 seruus
764 1488 932 1540 seruorum
959 1469 1022 1540 Dei
1057 1472 1238 1542 venerabili

113 1580 209 1650 fratri
233 1579 390 1667 Philippo
416 1581 581 1668 Episcopo
607 1580 761 1648 Firmano
786 1579 977 1663 Apostolicc
1002 1579 1099 1648 Sedis
1114 1579 1240 1667 uegeto

112 1689 254 1758 ulutern
281 1697 316 1757 et
339 1690 567 1774 Apostolicem
593 1685 872 1756 benedictionem.
900 1687 986 1768 Quis
1001 1687 1167 1776 fragilitas
1181 1686 1239 1758 bn·

112 1816 211 1865 nane
235 1796 432 1867 conditionis
459 1797 579 1866 nullius
604 1797 837 1866 certitudinem
852 1803 959 1867 status
975 1797 1089 1885 habet,
1106 1803 1141 1865 et
1155 1793 1241 1882 quod

113 1924 191 1974 cass
206 1904 343 1990 videtur,
360 1907 466 1974 tendit
481 1907 592 1993 potius
608 1905 652 1975 ad
668 1925 735 1974 non
752 1925 837 1984 esso,
853 1912 888 1972 tu
898 1905 1024 1974 salubri
1040 1903 1156 1972 ductus
1166 1923 1241 1974 con·

115 2013 192 2082 silio
219 2012 261 2081 de
286 2012 380 2082 libris
400 2021 432 2082 ct
448 2014 526 2084 eliis
542 2014 639 2083 bonis
654 2015 719 2084 tois
736 2013 926 2101 mobilibus,
943 2019 976 2082 et
991 2031 1067 2083 sese
1082 2013 1239 2084 mouenti-

115 2125 181 2192 bus
208 2122 350 2192 condere
376 2122 546 2193 desideras
572 2129 818 2207 testamentum,
835 2129 872 2190 ut
887 2131 965 2192 enta
980 2122 1137 2192 iudicium
1154 2120 1244 2190 iusti-

113 2234 196 2301 tium
212 2231 274 2300 tibi
289 2251 389 2318 peres
405 2233 628 2318 proveniendo
654 2232 789 2318 pietatis
815 2231 970 2319 operibus
987 2230 1103 2301 boram
1118 2229 1243 2298 mortis.

117 2337 201 2407 'ibis
218 2342 332 2426 itaque
349 2339 478 2408 devotis
493 2341 649 2426 precibus
670 2339 832 2424 inclinati,
845 2340 1003 2424 testandi,
1020 2339 1194 2407 ordinandi
1209 2348 1243 2407 ct

112 2447 318 2535 disponendi
343 2449 385 2517 de
411 2449 503 2517 libris
532 2457 564 2516 et
581 2448 675 2516 bonis
692 2448 816 2516 eisdem
832 2450 963 2533 plenem
981 2455 1015 2514 ct
1031 2449 1167 2516 liberem
1185 2447 1245 2516 tibi

112 2556 327 2625 concedimus
344 2559 545 2626 auctoritate
563 2558 764 2644 presentium
780 2556 984 2624 ieecltutern.
1002 2557 1121 2626 Datum
1138 2555 1244 2626 Vites-

111 2664 162 2732 bii
176 2663 220 2732 X.
238 2664 410 2734 Kalendas
426 2663 593 2744 Octobris,
609 2665 824 2735 Pontificatus
841 2667 946 2735 nostri
963 2683 1049 2735 anno
1066 2663 1179 2747 primo.
1205 2752 1208 2758 ¹

215 2857 279 2934 (m
295 2858 404 2918 toruos
417 2859 496 2934 pap·
508 2860 711 2936 Eesssstdibdl,
724 2861 852 2921 Tbsiner
865 2862 903 2918 id.
917 2880 954 2920 uu.
966 2861 987 2918 1.
998 2863 1026 2920 k.
1040 2864 1100 2923 etl.
1116 2861 1147 2938 l.)

565 3165 813 3178 *οι-ιιι*-

105 3931 180 4018 16)
205 3929 236 3999 A
254 3935 348 4020 pcipe
364 3930 501 4020 Eclopct
510 3929 775 4018 felicitatemne,
793 3932 875 4019 iopy
890 3955 929 3998 cz
945 3933 1110 4020 epyisdzbdl
1125 3935 1250 4004 kttczc-

252 4045 337 4106 sttett
352 4038 551 4127 azemdiyelcct
577 4061 648 4106 esen
664 4038 801 4106 biletetco
816 4038 884 4105 etot
892 4037 1121 4127 felmccticsse.

231 4255 388 4326 Nicotaus
413 4257 598 4344 Episcopus
625 4276 741 4328 seruus
766 4276 934 4326 seruorum
970 4257 1029 4326 Dci
1070 4261 1253 4330 vonerabili

100 4360 220 4434 fratri
245 4363 399 4454 Philippo
426 4365 594 4454 Episcopo
611 4367 787 4452 linusano„
803 4364 994 4456 Apostolioe
1009 4365 1108 4436 Sedis
1126 4366 1253 4455 Legato

98 4473 266 4544 salutem
292 4483 325 4541 et
349 4476 575 4560 Apostolioam
601 4467 872 4542 benedictionem.
902 4471 952 4540 Ad
979 4474 1179 4542 audientiam
1196 4497 1254 4545 no·

95 4583 426 4671 sermunculo,
453 4583 540 4666 quod
565 4585 599 4652 in
624 4583 721 4652 terris
747 4590 801 4651 tue
827 4580 1003 4667 legationis
1029 4580 1178 4650 nonnulli
1193 4601 1255 4670 per

90 4696 257 4787 judices
280 4715 301 4764 u
325 4693 411 4762 Sede
436 4693 626 4780 Apostolica
652 4689 826 4780 delegatos
842 4696 877 4761 et
892 4689 1126 4774 subdelegatos
1143 4689 1186 4756 sb
1202 4689 1251 4758 eis
