3156 5158
932 269 977 340 48

376 465 425 532 rie
441 467 621 552 Prepesite,
639 467 796 552 magistre
812 465 915 534 Paulo
930 467 1080 549 hectore,
1098 466 1255 549 magistre
1266 467 1401 534 Andrea
1413 465 1482 532 Gan-

377 581 458 658 tere,
475 573 619 642 secunde
635 576 738 642 Paulo
755 575 910 654 Custode,
927 582 961 643 ct
977 576 1054 662 alijs
1071 576 1181 644 multis
1197 576 1320 644 ibidem
1337 577 1370 640 in
1387 573 1482 640 llccle·

378 683 430 750 sia
445 685 549 750 Beate
565 690 598 750 et
621 684 765 768 gloriose
784 704 913 770 sempor
929 685 1073 770 Virginis
1089 685 1212 769 blarie;
1228 682 1447 765 militantibus,
1459 689 1484 745 ct

377 788 448 860 Dee
463 792 630 860 humiliter
645 789 883 862 famulantibus
900 799 933 860 et
954 790 1081 860 devote.

493 987 639 1060 (Eredetie
652 1005 670 1044 a
682 988 809 1046 namneti
821 1005 951 1047 maneum
964 983 1088 1044 kdnirati
1100 982 1387 1060 gyiljtcmdnydben.)

904 1834 960 1900 24.

373 2035 404 2101 A
429 2037 600 2122 oeszpre‘mi
623 2035 779 2121 kdptulao
803 2031 1074 2119 bizooyedylevclc,
1100 2032 1181 2119 kopp
1196 2031 1263 2096 roob
1280 2031 1396 2096 evoldi
1411 2029 1486 2095 ordei

371 2145 494 2210 ccriszb'lc
510 2167 531 2206 o
547 2144 681 2208 borrelli
687 2141 926 2231 jobbdpyolckcl
941 2143 1086 2228 biscopes
1101 2139 1279 2227 pyilkoacdy
1295 2139 1484 2204 tehatetebco

767 2251 969 2340 epyezlcedtek
999 2252 1098 2317 1274.

477 2451 664 2538 capitulum
695 2449 841 2518 Ecclesic
873 2449 1129 2535 vesprimiensis
1171 2449 1325 2516 omnibns
1357 2465 1485 2534 presens

369 2559 523 2648 scriptum
550 2559 749 2648 inspecturis
774 2560 914 2627 salntem
940 2561 973 2624 in
998 2559 1137 2627 Domino
1169 2558 1414 2643 sempiternam.
1439 2553 1485 2621 ul

368 2672 592 2738 universorum
608 2670 764 2737 noticiam
780 2673 894 2736 tenore
910 2669 1115 2752 presencium
1130 2669 1281 2734 volumus
1302 2665 1484 2751 pervenire,

368 2781 454 2862 qued
470 2778 629 2864 Gregorio
644 2776 712 2844 filie
729 2775 836 2863 Oltus,
852 2777 1039 2846 Christiano
1055 2777 1156 2844 tratre
1184 2776 1353 2862 ejusdcm;
1382 2783 1413 2842 et
1437 2772 1486 2838 Ni·

368 2888 463 2955 colao
479 2887 546 2953 filie
561 2886 739 2954 Vcnceslai
755 2885 944 2954 custodibus
970 2887 1138 2973 sylvarum
1164 2887 1205 2954 de
1221 2886 1301 2952 villa
1317 2883 1423 2952 Lueld
1446 2881 1485 2946 ab

367 3013 432 3061 una
447 3000 560 3079 parte;
577 2995 663 3061 Pons
680 2992 748 3059 filie
764 2994 884 3075 Pensa,
903 2994 1087 3061 Laurencio
1097 2993 1164 3061 filie
1175 2995 1311 3078 Theme,
1323 2995 1433 3060 villico
1449 2991 1486 3056 dc

366 3102 748 3188 Borsothpobagionibns
763 3103 905 3170 Abbatis
921 3109 953 3169 et
970 3103 1157 3171 Conventus
1175 3106 1216 3171 de
1232 3103 1313 3170 Bcel
1331 3121 1389 3188 pre
1403 3120 1441 3169 se
1455 3105 1486 3162 et

364 3213 439 3297 ipsa
454 3211 535 3280 villa
551 3211 692 3278 Borsoth
708 3213 752 3279 ab
769 3214 877 3280 altera
893 3232 1003 3282 ceram
1024 3213 1118 3280 nobis
1134 3213 1355 3299 personaliter
1370 3209 1486 3278 consti-

364 3321 452 3404 tutis,
469 3319 568 3405 ijdem
586 3319 774 3406 Gregorius,
803 3321 1012 3392 Ghristiauus
1028 3331 1061 3390 et
1076 3323 1236 3390 Nicolans
1252 3322 1486 3390 confessisunt

364 3429 442 3496 viva
457 3447 550 3512 rece,
567 3428 654 3513 quod
671 3449 770 3516 super
784 3430 962 3498 homicidio
979 3431 1091 3498 fratris
1102 3451 1213 3498 eorum
1229 3431 1405 3498 Venceslai
1422 3447 1485 3494 me-

364 3541 492 3622 morati,
503 3539 608 3623 patris
617 3539 771 3606 videlicet
785 3539 918 3608 Nicolai
934 3547 1011 3607 ante
1027 3539 1118 3622 dicti,
1134 3561 1194 3627 per
1207 3541 1374 3627 predictos
1388 3541 1487 3621 Pons,

363 3645 624 3716 Lanrcuciumct
639 3648 763 3715 dictam
778 3649 890 3715 villam
905 3649 1045 3717 Borsoth
1071 3649 1187 3717 solutis
1213 3657 1341 3736 septem
1366 3651 1486 3715 marcis

357 3753 455 3838 juxta
470 3757 747 3842 composicionem
763 3765 796 3824 et
813 3759 1057 3826 ordinacionem
1067 3758 1153 3826 inter
1170 3778 1228 3826 eos
1244 3759 1378 3844 iactam,
1394 3763 1427 3825 et
1443 3759 1488 3824 ab

362 3864 411 3928 eis
427 3883 485 3950 pre
502 3867 587 3933 boue
603 3867 697 3953 pacis
713 3868 854 3953 receptis
871 3869 991 3955 partim
1005 3869 1040 3935 in
1056 3867 1202 3953 denarijs
1218 3869 1342 3953 partim
1357 3885 1436 3936 vcro
1454 3868 1486 3932 in

361 3973 570 4042 estimaciene
596 3977 772 4061 condigna,
799 3977 882 4063 ipsis
907 3978 1024 4046 fuisset
1048 3979 1235 4065 peremnia
1267 3981 1488 4056 satisfactum,

359 4083 583 4167 relinquentes
599 4086 690 4171 ipses
705 4087 839 4154 racione
854 4087 998 4174 predicti
1013 4087 1180 4174 homicidij
1193 4088 1366 4174 expeditos
1376 4097 1407 4154 ct
1423 4105 1488 4172 per

361 4190 471 4260 omnia
487 4191 647 4262 alsolutos
658 4195 723 4274 ita,
746 4203 783 4262 ut
798 4197 841 4264 de
857 4205 965 4265 cetere
982 4219 1042 4265 nec
1057 4199 1160 4284 ijdem
1176 4198 1374 4283 Gregorius,
1392 4195 1489 4266 ouri-

361 4301 488 4367 stianus
505 4309 538 4367 et
553 4302 721 4387 Nicolaus,
736 4323 797 4372 nec
823 4307 1036 4391 posteritates
1053 4308 1199 4392 ipsorum
1214 4309 1267 4374 rel
1284 4309 1414 4392 cognati
1432 4327 1491 4372 ra·

360 4410 454 4474 cione
471 4410 632 4496 sepedicti
648 4411 817 4480 homicidii
837 4421 953 4482 contra
972 4417 1139 4501 predictos
1150 4417 1249 4500 Peus,
1260 4417 1490 4484 Lanrcucinm

359 4519 413 4587 vel
428 4539 504 4587 suos
519 4519 672 4606 heredes,
687 4539 727 4586 ac
742 4523 849 4608 ipsam
864 4526 979 4591 villam
995 4527 1136 4593 Borsoth
1152 4527 1275 4592 nnllam
1287 4529 1411 4612 possint
1425 4527 1489 4594 vel

359 4629 504 4700 debeant
516 4649 650 4700 merere
665 4631 837 4700 materiam
846 4635 1038 4720 questionis.
1048 4635 1087 4704 In
1096 4637 1190 4704 cuius
1200 4637 1248 4703 rei
1257 4633 1488 4704 testimonium
