3116 5166
110 1149 170 1237 22)
197 1149 228 1219 A
248 1157 340 1242 pdpc
363 1152 529 1240 Mdpmk
553 1153 740 1240 mcpenpedc',
757 1153 837 1240 kopp
853 1173 874 1218 a
888 1154 1047 1242 mepte-itit
1062 1161 1245 1246 ercepamr'

300 1261 440 1348 &sokeip
448 1261 610 1348 jdczdpait
625 1263 657 1326 dc
663 1260 865 1348 jovedelmeic
879 1262 1058 1332 lietoldum.

218 1460 381 1528 Nicotaus
409 1459 592 1546 Episcopus
619 1469 732 1528 seruus
760 1477 929 1526 seruorum
955 1460 1037 1544 Dei,
1056 1465 1241 1532 venerabili

106 1569 203 1638 fratri
231 1569 384 1655 Philippo
411 1568 575 1654 Episcopo
601 1569 755 1636 Firmano
782 1569 972 1658 Apostolice
997 1568 1096 1640 Sedis
1113 1569 1237 1658 Legato

106 1681 250 1745 salutem
276 1683 309 1742 et
334 1677 561 1764 Apostolicem
587 1676 861 1746 benedictionem.
890 1676 970 1744 Cum
996 1686 1029 1746 te
1055 1679 1099 1748 sd
1124 1689 1240 1767 portet

105 1786 255 1868 Ungsrie
265 1837 274 1871 ,
293 1787 353 1852 tibi
371 1787 545 1854 commisso
562 1783 644 1852 inibi
660 1787 757 1870 plene
783 1786 961 1870 legationis
978 1786 1108 1871 officio,
1135 1790 1235 1858 desti·

104 1913 232 1973 nemue,
249 1901 281 1961 et
297 1893 537 1978 strigoniensis
553 1891 704 1960 Ecclesia
720 1892 765 1960 sit
781 1892 824 1958 ad
849 1911 986 1977 presens
1011 1896 1156 1981 postoris
1182 1917 1234 1964 so·

105 2001 188 2067 lotio
206 2001 384 2084 destitute3
401 2001 471 2068 Nos
488 1999 674 2068 Ecclesium
691 2001 796 2085 ipsam
812 2001 998 2085 preserunri
1013 2021 1036 2068 a
1051 2001 1235 2088 dispendiis

103 2111 288 2194 cupientes,
303 2108 503 2176 fraternitati
521 2092 576 2178 tue
592 2127 653 2194 per
669 2109 860 2196 Apostolice
886 2109 1010 2193 scripte
1025 2111 1233 2200 mandamus,

102 2227 267 2303 quotenus
284 2218 422 2302 domos,
448 2217 667 2302 munitiones,
694 2222 804 2286 castre
820 2225 852 2284 et
869 2235 983 2286 omnes
1000 2216 1147 2304 fructus,
1164 2225 1235 2290 red·

101 2327 192 2392 ditus
209 2345 249 2392 ac
275 2331 456 2410 proventus
482 2325 523 2392 ed
539 2323 865 2412 Archiepiscopalem
893 2324 1012 2392 Sedem
1029 2325 1236 2412 strigonien·

99 2454 172 2502 sem
200 2442 390 2519 spectantes
415 2454 474 2519 per
499 2441 531 2500 te
558 2435 612 2502 vel
638 2454 697 2521 per
714 2435 813 2502 atium
830 2453 888 2502 seu
905 2434 989 2502 ulios
1005 2435 1168 2520 recipiens
1186 2437 1233 2506 ed

100 2562 221 2610 merrus
237 2549 323 2627 tues,
341 2543 475 2626 tinctus,
492 2541 639 2612 redditus
655 2550 689 2610 et
704 2550 884 2628 proventus
899 2543 1068 2629 predictos
1085 2545 1129 2614 ad
1145 2563 1230 2630 opus

101 2653 205 2720 futuri
222 2651 474 2740 Archicpiscopi
491 2653 639 2738 deponas
655 2653 690 2720 in
707 2653 819 2736 aliquo
834 2661 903 2720 tuto
919 2655 1003 2734 loco,
1024 2661 1057 2722 et
1072 2652 1149 2722 iilos
1166 2674 1232 2722 une

99 2779 172 2826 cunr
199 2761 360 2849 predictis
387 2761 557 2844 domibus,
584 2761 817 2829 munitionibus
843 2768 876 2830 et
893 2763 1010 2832 cestris
1027 2761 1136 2832 socias
1153 2782 1232 2832 cum

94 2890 228 2936 summo
245 2869 421 2954 diligentis
447 2870 621 2956 custodiri,
649 2873 870 2958 rescripturus
887 2871 983 2940 nobis
998 2869 1140 2941 fideliter
1156 2891 1233 2940 con·

93 2978 244 3046 ditiones
262 2986 295 3044 et
311 2984 432 3044 statum
451 2979 603 3047 Ecclesic
627 2987 815 3064 memorate,
842 2978 920 3064 quid
937 2979 979 3048 de
996 2980 1165 3064 premissis
1182 2999 1231 3047 re·

93 3087 251 3172 ceperis,
266 3087 495 3172 dispositionis
511 3087 661 3173 modum,
678 3097 711 3156 et
726 3087 883 3172 quicquid
898 3085 933 3154 in
948 3086 1012 3152 huc
1027 3095 1121 3172 perte
1139 3089 1225 3154 iece-

88 3195 152 3278 ris‚
173 3199 208 3258 ut
226 3191 450 3263 discernemus
467 3195 626 3279 apertius,
652 3196 740 3280 quod
756 3197 789 3262 iu
806 3194 977 3281 promissis
993 3201 1027 3260 et
1052 3195 1139 3260 circa
1165 3199 1232 3262 sta·

89 3309 163 3368 tum
178 3301 282 3386 ipsius
297 3303 447 3371 Ecclesie
459 3303 502 3370 sit
520 3306 729 3391 imposterum
747 3302 943 3373 faciendum.
961 3300 1229 3370 Contradiccores

84 3417 153 3476 etc.
177 3409 302 3476 Datum
319 3410 457 3478 Viterbii
465 3412 507 3478 X.
519 3411 693 3482 Kalendas
711 3409 874 3496 Octobris,
892 3407 1107 3480 Pontificatus
1123 3409 1229 3476 nostri

85 3536 186 3584 euno
204 3537 319 3604 primo.

198 3711 260 3781 (ΙΙΙ.
272 3710 379 3769 Miirlde
393 3711 471 3786 pepe
481 3712 684 3787 Regestdibdl‚
697 3713 824 3770 Thcinor
838 3715 875 3770 id.
891 3732 926 3769 m.
942 3715 963 3770 l.
977 3711 1005 3769 k.
1018 3713 1079 3770 333.
1093 3712 1125 3786 l.)
