3142 5170
870 944 954 1011 2⁰2.

357 1141 416 1206 JV.
433 1141 550 1208 Miletos
558 1145 651 1230 pdpa
666 1143 711 1208 ΙΙ.
734 1143 814 1208 lbos
830 1143 950 1208 Istodat
965 1143 1050 1208 sasrb
1067 1142 1188 1228 kircilyt
1202 1145 1274 1230 insi,
1291 1143 1371 1228 bopy
1386 1165 1408 1206 a
1422 1143 1470 1207 νά

437 1271 439 1275 ’
600 1251 665 1314 mai
680 1250 794 1336 epyros
809 1252 986 1339 epysdpdbes
1001 1253 1109 1338 ttry'ea
1128 1252 1225 1318 1288.

463 1464 617 1534 Nicotaus
644 1466 826 1553 Episcopus
850 1485 965 1534 seruus
993 1487 1159 1537 seruorum
1175 1467 1237 1534 Dei
1255 1468 1324 1536 viro
1341 1466 1472 1552 magni·

358 1576 417 1644 deo
427 1573 545 1643 Urosio
556 1575 676 1643 illustri
686 1576 767 1660 Regi
777 1577 968 1645 selavorum
983 1577 1133 1662 gratiam,
1144 1595 1203 1662 per
1220 1596 1317 1660 quam
1333 1575 1471 1660 gloriam

358 1683 504 1753 obtineat
519 1683 551 1750 in
567 1683 687 1753 futuro.
705 1683 816 1754 literni
840 1685 945 1773 patris
962 1685 1119 1752 immensa
1134 1684 1322 1769 benignitas
1339 1684 1471 1750 humani

357 1794 486 1880 generis
504 1812 634 1878 casnm,
651 1795 738 1878 quod
754 1793 850 1880 primi
864 1794 1006 1862 bominis
1023 1795 1120 1880 culpa
1136 1801 1321 1870 corruerat,
1347 1791 1469 1859 inoda-

358 1903 416 1970 bili
433 1903 611 1988 respiciens
626 1903 758 1990 piatate,
774 1921 815 1971 ae
831 1903 930 1988 illum,
951 1921 1046 1986 quem
1062 1903 1229 1970 diabolica
1244 1908 1471 1988 prostraverat

358 2011 482 2079 invidia
497 2011 707 2097 suggestione
723 2011 857 2092 dolosa,
885 2011 1000 2080 volens
1017 2031 1059 2078 ex
1075 2013 1214 2079 caritate
1228 2011 1331 2080 nimia
1348 2010 1471 2079 miseri·

357 2121 498 2190 corditer
513 2140 684 2208 reparare,
700 2121 801 2188 tilium
816 2139 909 2188 sunm
933 2121 1134 2205 unigenitum
1159 2119 1471 2188 consubstantialem

358 2229 423 2298 sibi
438 2230 479 2297 de
495 2231 558 2299 celi
583 2231 714 2299 excelso
730 2231 813 2298 solio
829 2229 871 2298 ad
898 2231 1011 2298 intima
1037 2229 1148 2297 mundi
1164 2231 1261 2316 misit,
1278 2231 1333 2313 qui
1348 2229 1473 2316 preele-

359 2346 411 2405 cte
426 2335 562 2422 virginis
582 2344 694 2424 utero,
720 2339 831 2406 Sancti
859 2339 1000 2425 Spiritus
1025 2339 1256 2425 cooperatione
1281 2343 1471 2422 conceptus,

358 2453 389 2512 et
415 2447 585 2514 examina
610 2445 766 2516 rationali
793 2454 826 2514 et
851 2466 948 2515 carne
975 2447 1116 2514 hnmana
1131 2465 1227 2516 verus
1242 2447 1336 2514 bomo
1352 2445 1470 2529 sactus,

357 2575 398 2623 ac
413 2575 473 2644 per
488 2557 551 2625 boc
567 2557 734 2642 periectos
749 2557 859 2643 Deus,
885 2557 1052 2642 perlectus
1072 2557 1187 2640 bomo,
1204 2574 1288 2624 uuus
1312 2555 1471 2622 Dominus

357 2665 454 2733 iesus
470 2664 629 2750 Christus,
646 2685 712 2732 nna
727 2685 870 2752 persona
890 2667 922 2734 in
939 2673 1075 2750 utraque
1091 2667 1238 2753 perlecta
1253 2671 1380 2748 natura,
1398 2683 1472 2730 ann-

358 2776 417 2844 otis
434 2773 597 2844 visibilem
623 2794 659 2842 se
686 2775 847 2858 ostendit,
874 2783 906 2844 et
930 2776 1114 2844 salubribus
1140 2775 1289 2844 homines
1315 2773 1473 2840 institutis

357 2883 553 2969 informans,
579 2885 745 2968 vitamque
769 2882 873 2970 ipsius
893 2883 1000 2952 indice
1015 2884 1159 2971 perfecte
1176 2883 1325 2952 doctrine
1340 2882 1473 2948 demon·

358 2997 487 3072 abans,
513 2993 666 3079 dignatus
695 3001 745 3060 est
769 2999 844 3078 post
869 3003 982 3061 sancte
1000 2991 1259 3061 conversationis
1276 2989 1429 3076 exempla
1440 2995 1473 3055 et

358 3101 548 3185 evangelice
558 3100 769 3170 institutionis
779 3101 910 3186 eloquia
920 3101 980 3170 sub
997 3102 1068 3170 dire
1084 3101 1198 3168 mortis
1215 3099 1375 3187 supplicio
1387 3119 1474 3166 mor-

358 3216 423 3276 tem
439 3209 528 3296 pali,
554 3217 588 3278 ut
606 3209 654 3290 ¹de
670 3231 782 3280 amaro
798 3209 912 3278 mortis
928 3229 985 3276 sue
1002 3209 1105 3278 calice
1121 3207 1312 3296 temporalis
1327 3207 1477 3274 hauriret

358 3319 453 3386 bomo
472 3319 540 3386 uite
557 3318 762 3387 dulcedinem
780 3320 986 3406 sempiterne.
1020 3316 1083 3384 Pro
1110 3319 1215 3399 ipsius
1241 3337 1318 3403 ergo
1342 3317 1477 3402 ιιιιιίι

360 3426 493 3494 humani
509 3427 753 3516 redemptione,
771 3427 921 3496 cbristus
938 3445 975 3495 se
993 3427 1133 3496 hostiam
1150 3425 1309 3495 exbibens
1319 3473 1328 3510 ,
1356 3425 1478 3492 salutis

359 3535 439 3604 dicti
456 3537 588 3622 generis
604 3537 738 3604 humani
758 3537 849 3606 hoste
865 3543 1037 3624 prostrato,
1055 3535 1137 3604 illud
1154 3535 1197 3604 de
1212 3533 1387 3622 opprobrio
1403 3554 1472 3602 ser·

360 3645 471 3711 vitutis
487 3645 606 3730 eripuit
620 3647 664 3714 ad
679 3647 817 3729 gloriam
833 3647 1018 3730 libertatis,
1044 3665 1188 3732 superne
1216 3643 1267 3711 illi
1292 3642 1403 3729 patrie
1419 3643 1477 3710 bo-

360 3754 455 3822 stium
472 3754 658 3839 reserando,
676 3761 709 3821 et
724 3755 844 3824 deinde
859 3775 1030 3841 resurgens
1054 3753 1246 3840 amortuis,
1263 3774 1304 3820 ac
1318 3753 1352 3819 iu
1369 3751 1478 3820 colum

360 3863 554 3949 ascendens,
573 3863 726 3950 Spiritum
737 3865 892 3933 Sanctum
910 3865 971 3932 sibi
988 3865 1140 3951 patrique
1156 3861 1478 3932 consubstantialem

344 3977 394 4038 ¹et
409 3971 451 4038 ab
468 3977 605 4056 utroquo
631 3974 755 4060 pariter
781 3973 1010 4060 procedentem
1026 3973 1113 4040 misit
1138 3973 1172 4039 in
1189 3971 1387 4057 Apostolos,
1416 3989 1483 4056 qno

362 4083 589 4169 congregavit,
614 4083 718 4151 nulrit
743 4090 775 4153 st
790 4083 957 4154 roboravit
974 4082 1178 4166 Ecclesiam,
1195 4081 1247 4148 cui
1264 4083 1403 4148 Beatum
1421 4079 1482 4145 Pe-

362 4198 444 4258 trum
460 4191 689 4279 Apostolorum
704 4193 885 4282 prinoipem
901 4191 1057 4280 proiecit,
1083 4211 1123 4258 ac
1149 4191 1307 4258 vicarium
1322 4187 1387 4256 sibi
1405 4187 1485 4256 reli·

364 4302 433 4385 quit
448 4303 481 4369 in
496 4304 603 4388 terris,
620 4303 801 4370 animarum
816 4323 926 4370 curam
944 4302 1148 4370 committens
1164 4299 1269 4368 eidam
1278 4349 1287 4383 ,
1313 4304 1349 4362 ut
1365 4316 1486 4364 aarum

362 4413 470 4498 saluti,
485 4432 545 4499 pro
561 4432 627 4496 qua
643 4433 735 4481 snam
752 4412 933 4480 humiliavit
947 4409 1172 4492 altitudinem,
1189 4405 1372 4476 intenderet
1397 4405 1487 4494 vigi-

361 4523 487 4604 lanter,
513 4520 672 4590 tradendo
698 4521 761 4590 sibi
784 4521 896 4590 claves
911 4521 1017 4606 Regni
1045 4519 1214 4600 Oelorum,
1230 4535 1291 4605 per
1311 4535 1395 4600 quas
1414 4516 1485 4602 ipsi

363 4627 478 4716 suique
494 4647 699 4700 successores
714 4637 909 4723 potestatem
932 4627 1100 4726 aperiendi
1124 4625 1273 4702 eiusdem
1295 4625 1405 4721 Regni
1430 4626 1486 4721 ja·
