3156 5158
823 268 982 366 A·
1110 240 1115 246 .

344 469 414 532 tum
438 473 488 532 est
511 465 544 532 in
575 465 757 532 bominibus
789 465 859 534 sive
890 465 1116 553 spiritualibus
1147 468 1219 534 sive
1249 467 1463 548 seenlaribns

344 573 514 642 horrentes
529 575 608 660 iuga
623 573 847 660 superiorum,
863 575 897 642 in
921 576 1047 661 Rugum
1063 575 1294 660 electionibus,
1312 581 1345 642 et
1360 574 1463 642 eeiam

343 682 563 764 Prelatornm,
593 689 650 748 sut
683 683 769 750 tales
793 683 936 767 eligunt,
962 700 1044 765 quos
1070 684 1119 750 eis
1143 683 1282 754 subesse
1313 689 1463 770 oporteat

342 789 452 876 potins
482 811 580 875 quum
610 811 762 879 preesse,
793 801 850 859 aut
879 795 913 860 in
943 791 1091 860 diversos
1115 792 1266 861 dividunt
1296 799 1373 860 vota
1389 811 1460 873 sna,

343 899 471 968 duabus
502 900 614 968 forsan
644 901 686 968 de
717 901 848 988 euusis3
875 910 910 968 nt
940 905 1015 988 plns
1055 909 1236 988 emungant
1265 923 1287 970 a
1316 901 1464 988 pluribus

343 1028 440 1094 qnam
456 1011 501 1078 ab
516 1031 601 1096 uno;
618 1010 786 1097 antideo,
811 1017 848 1078 nt
873 1013 902 1078 si
928 1011 1067 1080 voluerit
1090 1033 1174 1082 unns
1199 1013 1380 1098 proaedere
1404 1029 1465 1095 per

342 1121 482 1202 rigorem
511 1121 658 1198 iusticie,
689 1126 804 1188 eontra
834 1121 940 1208 ipsum
970 1141 1030 1207 per
1068 1121 1168 1188 alium
1194 1141 1232 1188 se
1271 1119 1463 1188 defendant.

341 1227 446 1311 llere,
472 1234 568 1315 pater
583 1235 617 1296 et
632 1230 762 1298 domine
783 1231 982 1313 reverende,
1000 1232 1185 1317 exemplum
1211 1229 1396 1298 huiusmodi
1410 1247 1464 1292 eo-

342 1356 412 1404 ram
436 1337 553 1404 vestris
577 1337 680 1406 oeubs
705 1344 755 1406 est
778 1347 811 1407 et
834 1338 956 1408 nostris
984 1340 1049 1406 ianr
1073 1339 1261 1426 preteritum
1277 1345 1311 1406 et
1326 1338 1391 1404 iam
1407 1336 1462 1402 in·

342 1453 453 1530 stans,
469 1445 659 1532 preteritum
673 1446 707 1512 in
731 1446 894 1516 electione
917 1447 1019 1533 Regis
1045 1448 1191 1532 Yspauie
1208 1453 1242 1515 et
1258 1445 1397 1515 Comitis
1410 1443 1465 1510 Ri-

342 1553 476 1640 ebardi,
494 1560 528 1621 et
543 1575 628 1622 nune
643 1555 743 1640 Regis
759 1555 903 1644 Yspanie
920 1563 954 1624 et
970 1557 1106 1626 Comitis
1116 1556 1295 1642 Rndolphi.
1306 1556 1378 1622 Hoo
1386 1551 1464 1620 ideo

348 1662 443 1730 vobis
474 1663 759 1748 scribimus,qnia
785 1666 819 1733 in
845 1667 956 1734 littera
980 1668 1103 1752 prima,
1128 1685 1225 1750 qnam
1251 1665 1294 1732 de
1318 1661 1465 1730 Ooneilio

343 1772 526 1856 scripsistis
542 1791 640 1858 snper
656 1792 719 1839 nno
735 1772 909 1858 principali
924 1775 1063 1842 arlionlo
1089 1773 1304 1856 celebrando,
1322 1769 1464 1854 qualiter

344 1881 556 1950 subveniatur
571 1887 658 1950 terre
673 1888 798 1966 sanate,
814 1881 927 1950 eadem
945 1881 1114 1954 subventio
1130 1883 1196 1950 iam
1221 1881 1392 1948 debilitata
1415 1877 1464 1946 vi-

344 1990 477 2074 deatur,
503 2010 573 2058 eum
604 1991 735 2076 Imperii
761 1991 902 2058 turbatio
929 1992 1061 2078 penitus
1077 1991 1184 2061 turbet
1199 2011 1292 2074 eam,
1308 1987 1398 2056 onius
1412 2008 1464 2053 ro·

343 2099 550 2167 formationis
567 2100 674 2168 eosilii
689 2100 850 2168 eredimus
867 2121 942 2170 esse
958 2121 1127 2180 summam,
1139 2101 1229 2184 qnod
1244 2097 1331 2181 talis,
1348 2097 1376 2164 si
1392 2094 1467 2164 lieri

344 2205 449 2294 possit
458 2258 467 2293 ,
484 2215 699 2294 pervenirem
716 2209 886 2278 eonsilium
903 2209 1079 2278 baberetur
1098 2211 1300 2296 Imperator,
1326 2203 1465 2272 oonsilio

348 2316 486 2384 (ionoilii
501 2317 696 2402 adiurante,
722 2317 777 2402 qni
801 2326 969 2405 potenter,
991 2319 1143 2386 ordinatu
1166 2338 1252 2404 paee
1276 2317 1310 2384 in
1334 2312 1467 2396 mundo,

345 2431 460 2512 posset
487 2427 679 2496 essebuins
703 2434 858 2496 exeeutor
881 2429 1003 2513 negotii
1029 2428 1163 2514 propria
1187 2444 1339 2512 persone.
1356 2424 1469 2503 Certe,

344 2535 475 2603 domine
490 2536 686 2620 reverende,
698 2538 728 2605 si
743 2537 902 2606 audemus
919 2538 1037 2614 dicere,
1052 2537 1193 2618 videtur,
1209 2533 1298 2620 qnod
1313 2539 1381 2598 tam
1397 2531 1467 2616 spi-

343 2644 480 2711 rituales
495 2663 592 2730 quam
617 2648 782 2714 seonlares
807 2649 1020 2733 Imperatoris
1045 2645 1225 2732 potentiam
1250 2643 1316 2710 iam
1344 2641 1467 2708 abbor-

343 2757 424 2820 rent.
441 2754 563 2822 Volunt
578 2755 707 2840 quidem
722 2775 782 2841 per
806 2755 959 2840 Spiritum
975 2755 1131 2822 Sanctum
1146 2753 1382 2836 benignitatem
1398 2749 1466 2814 lm-

343 2870 530 2950 peralorum
543 2863 677 2943 habere,
693 2871 726 2934 et
751 2885 811 2951 per
836 2865 1039 2951 unigenitum
1064 2862 1260 2948 sapientium
1278 2861 1340 2926 Dei
1354 2859 1470 2925 Patris

343 2972 575 3058 Imperatorem
593 2975 717 3060 eligere
732 2975 933 3062 sapientem,
952 2972 1010 3042 sed
1027 2975 1122 3060 qnasi
1138 2990 1310 3059 personam
1334 2965 1471 3036 tertiam

343 3081 558 3167 abnegantes,
575 3081 756 3170 potentiam
781 3083 884 3168 ipsum
909 3082 1060 3166 horrent;
1086 3099 1160 3148 eum
1184 3085 1296 3146 tamen
1319 3077 1408 3144 uelle
1433 3083 1471 3142 et

341 3190 426 3259 seire
449 3189 530 3260 nihil
555 3193 693 3260 valeant
708 3190 783 3268 sine
797 3209 917 3276 posse,
933 3196 966 3256 et
981 3192 1087 3276 magis
1103 3187 1286 3274 expediens
1301 3183 1469 3271 rideatur,

274 3351 278 3358 .
342 3300 431 3384 quod
447 3299 542 3368 unius
560 3302 729 3386 potentie,
755 3299 888 3368 etiamsi
904 3299 1142 3383 aliquantulum
1160 3294 1336 3380 malignari
1351 3293 1471 3380 vellet,

341 3407 580 3491 malignitatem
596 3408 735 3475 aliorum
752 3409 983 3476 niohilominus
1010 3406 1251 3493 uompesoendo
1268 3405 1475 3472 toleraretur

342 3535 438 3600 qnam
456 3515 487 3584 si
501 3519 572 3586 aine
588 3525 817 3604 oompesoente
842 3520 1076 3588 insolesoerent
1102 3515 1256 3584 universi.
1282 3513 1375 3582 Illins
1402 3513 1475 3580 sal·
1571 3503 1572 3590 ξ

341 3633 407 3692 tem
424 3627 661 3712 malignitatem
677 3647 765 3696 mors
780 3629 904 3695 deleret
919 3629 1025 3713 unius,
1042 3625 1182 3713 plurium
1197 3621 1474 3711 insolentiamde
1571 3695 1572 3718 ζ

342 3735 434 3804 troili
452 3735 565 3802 delere
582 3755 646 3804 non
671 3745 795 3823 posset,
822 3757 895 3805 enm
922 3739 987 3804 iam
1014 3738 1047 3803 in
1073 3734 1341 3805 eonsuetudinem
1367 3731 1477 3799 deve·
1571 3719 1572 3742 ¹

343 3843 458 3911 nisset
474 3843 545 3912 Hes
561 3843 604 3910 de
628 3844 742 3930 Regno
769 3846 941 3914 Alemanie
965 3845 1152 3929 suffieiant,
1179 3841 1330 3928 quamvis
1355 3842 1390 3906 in
1417 3841 1478 3908 eis

342 3949 566 4038 exprimendis
577 3969 638 4018 nos
648 3953 823 4022 diminutos
840 3955 951 4042 potius
968 3974 1063 4039 quam
1074 3951 1477 4039 superfluosreputemus.
1571 3957 1572 4052 J

448 4059 598 4126 Oonlinia
628 4079 706 4128 vero
723 4062 828 4149 Regni
852 4065 939 4131 eires
963 4061 1122 4132 terminos
1139 4069 1268 4130 nostros
1282 4061 1345 4128 beu
1361 4064 1448 4126 sunt
1469 4083 1478 4125 :

341 4165 504 4253 Ungaria,
519 4167 675 4253 Rusobia,
690 4169 852 4241 Lethovia
872 4185 903 4240 at
919 4173 1066 4242 Prusaia.

449 4274 522 4342 Hae
533 4295 609 4344 vero
625 4285 699 4344 sunt
714 4281 861 4365 perienla
878 4303 899 4348 a
913 4284 1027 4368 Regno
1044 4281 1192 4364 Ungarie
1219 4275 1483 4348 Obristianitati
1535 4352 1538 4356 Α

342 4383 548 4453 imminentia
565 4407 573 4448 :
590 4385 729 4454 Primum
747 4389 835 4472 quod
860 4390 895 4456 in
919 4391 992 4478 ipso
1008 4392 1129 4475 Regno
1154 4386 1291 4458 (inmani
1313 4390 1484 4452 manute-
1571 4393 1572 4478 ᾗ

344 4498 470 4576 nentur,
487 4492 540 4577 qni
557 4513 620 4560 non
636 4495 740 4562 solum
756 4497 967 4587 alienigenis,
984 4502 1044 4570 sed
1060 4502 1159 4570 etiam
1173 4497 1277 4586 ipsius
1293 4492 1403 4579 Regni
1426 4495 1485 4560 in·
1571 4487 1572 4544 l

343 4601 423 4672 eolis
439 4601 592 4671 etroniler
607 4611 684 4675 sunt
698 4605 822 4693 infesti,
837 4618 868 4676 el
891 4608 986 4680 modo
1003 4611 1092 4698 apud
1117 4611 1201 4681 alius
1225 4607 1332 4677 minus
1357 4603 1476 4676 solito
