3154 5166
852 301 990 410 ac..

360 501 462 567 serit.
482 547 488 564 .
507 547 516 565 .
535 498 678 585 ngarie
704 503 785 584 Rex,
803 501 857 586 qui
880 499 1013 568 vesanis
1038 499 1202 568 adherens
1227 501 1376 568 consiliis
1402 507 1442 564 et
1465 520 1484 564 a

360 609 416 674 uia
441 609 589 676 veritatis
615 611 825 694 exorbitans,
843 608 1030 680 Christiana
1046 609 1209 693 religione
1223 612 1410 694 postposita
1424 657 1435 692 ,
1450 627 1484 673 sc

358 735 430 784 cum
447 721 615 803 Tartaris,
640 719 836 787 sarracenis
846 767 855 800 ,
881 717 1053 802 Neugeriis
1062 765 1072 799 ,
1094 723 1128 786 et
1142 718 1281 803 paganis
1296 719 1485 801 dampnate

358 827 618 894 conversationis
635 827 777 896 audacia
793 828 886 896 fedus
912 825 1071 894 asseritur
1097 826 1319 908 contraxisse;
1343 833 1484 910 sumpta

358 953 473 1002 norma
497 936 657 1022 nepharia
682 938 874 1022 specialiter
903 934 1033 1002 vivendi
1049 953 1121 1002 oum
1137 934 1310 1020 Nengeriis
1326 937 1482 1020 supradi-

358 1043 431 1129 ctis,
442 1063 481 1109 ao
497 1046 636 1130 turpiter
651 1053 683 1114 et
698 1047 904 1133 impudenter
913 1045 1044 1110 abiecta
1061 1043 1198 1129 coniuge
1214 1045 1355 1130 propria,
1370 1046 1483 1130 Rega-

357 1152 442 1220 libus
467 1154 579 1236 utique
601 1161 674 1221 orta
690 1156 857 1223 natalibus
873 1159 906 1220 et
922 1153 1060 1221 honeste
1076 1154 1335 1222 conuersationis
1351 1174 1391 1220 ao
1407 1155 1482 1220 vite

356 1261 460 1328 titulis
477 1262 644 1348 insignita,
661 1263 815 1333 videlicet
841 1265 1015 1332 carissima
1030 1264 1063 1330 in
1079 1260 1209 1330 Obriato
1223 1261 1292 1330 filia
1307 1270 1424 1330 nostra
1444 1263 1481 1326 ii.

356 1369 479 1435 illustri
504 1371 634 1452 Regina
660 1370 825 1457 ngarie,
852 1369 1026 1440 crudeliter
1050 1370 1182 1438 seviens
1206 1371 1242 1436 in
1266 1389 1303 1436 se
1318 1371 1430 1455 ipsum
1449 1381 1481 1440 et

354 1476 483 1544 domum
503 1477 647 1565 Ungarie
675 1480 821 1548 inclitam
838 1481 984 1566 Regibus
1000 1481 1127 1565 pollere
1142 1478 1321 1547 Catholicis
1336 1497 1481 1548 consue·

354 1590 438 1667 tam,
464 1586 591 1656 thorum
616 1587 732 1656 fedare
756 1610 822 1659 non
842 1589 955 1657 metuit
971 1587 1180 1672 coniugalem
1196 1588 1230 1654 in
1247 1588 1406 1671 grandem
1424 1611 1479 1658 su·

353 1713 455 1778 perne
470 1695 653 1766 Maiestatis
670 1697 848 1780 offensam,
875 1717 976 1784 grave
1001 1715 1059 1765 sue
1085 1697 1203 1764 salutis
1219 1697 1429 1784 dispendium
1446 1707 1480 1768 et

354 1804 547 1871 scandalum
562 1804 707 1874 fidelium
718 1806 935 1895 plurimorum.
947 1806 1017 1874 Nos
1032 1812 1143 1874 autem
1159 1806 1373 1890 equanimiter
1388 1807 1479 1876 ferre

355 1911 438 1978 talia
454 1919 486 1978 et
502 1919 570 1980 tam
586 1916 702 2000 gravia
717 1935 783 1982 nou
798 1917 958 2000 valentes,
971 1923 1005 1984 et
1024 1917 1194 2002 cupientes
1210 1935 1270 2002 per
1285 1917 1478 2002 Apostolice

355 2019 451 2088 Sedis
466 2019 704 2106 prouidentiam
720 2031 911 2107 oportunum
927 2043 1024 2112 super
1039 2023 1103 2092 biis
1118 2023 1261 2092 Domino
1277 2023 1413 2094 favente
1429 2045 1477 2093 re-

354 2129 496 2197 medium
512 2130 673 2216 adhiberi,
685 2131 908 2200 venerabilem
919 2131 1050 2200 fratrem
1065 2139 1212 2198 nostrum
1222 2134 1261 2200 B.
1274 2134 1475 2222 llpiscopnm

355 2238 580 2324 Eugubinnm,
606 2240 713 2307 virum
738 2239 851 2325 utique
876 2240 1053 2310 virtutibus
1070 2241 1258 2328 insignitum
1274 2264 1314 2311 ac
1330 2245 1427 2312 nobis
1443 2253 1477 2312 et

354 2346 511 2416 fratribus
526 2351 648 2416 nostris
666 2351 781 2416 merito
798 2369 857 2416 soc
872 2329 1048 2437 probitatib
1070 2357 1252 2437 acceptum,
1268 2349 1314 2419 ad
1329 2351 1475 2439 Regnum

354 2455 519 2544 Ungarie,
547 2457 719 2524 commisso
745 2458 809 2525 sibi
832 2459 930 2544 plene
955 2457 1133 2544 legationis
1159 2457 1269 2527 officio
1296 2459 1332 2526 iu
1357 2462 1473 2530 eodem
1565 2537 1566 2557 ,

352 2568 483 2652 Regno,
508 2585 569 2633 uec
594 2586 659 2634 non
672 2567 839 2635 Dalmatie
849 2618 859 2653 ,
886 2587 949 2652 que
974 2567 1122 2651 ngorie
1138 2567 1283 2652 Regibus
1298 2567 1385 2635 solet
1401 2589 1474 2638 esec

353 2676 521 2764 subiecta,
538 2676 690 2760 Austric,
707 2676 835 2765 Styrie,
853 2676 1031 2759 carinthia
1047 2677 1203 2744 Onmanie
1219 2683 1252 2742 ct
1267 2678 1379 2746 Boane
1394 2699 1471 2764 par·

353 2783 451 2868 tibus,
469 2791 624 2871 tanquam
643 2787 737 2870 pacis
754 2787 908 2871 angelum
932 2785 1153 2870 destinamus,
1172 2785 1234 2854 sibi
1250 2805 1310 2871 per
1323 2786 1409 2854 alias
1423 2787 1472 2855 lit·

353 2899 443 2961 teras
460 2900 591 2962 nostras
607 2896 771 2979 iniuncto,
791 2901 824 2960 ut
840 2895 869 2961 si
886 2894 1040 2976 Tartari,
1058 2895 1251 2977 Sarraceni,
1268 2895 1427 2982 Naugerii
1442 2905 1473 2964 et

353 3003 479 3089 pagani
496 3003 616 3088 prefati
632 3022 710 3072 suos
727 3009 861 3071 conatus
878 3003 1054 3092 nepharios
1066 3009 1181 3070 contra
1201 3001 1280 3070 fidei
1291 3005 1470 3074 orthodoxe
1563 3035 1564 3062 t

353 3109 496 3178 cultores
522 3131 676 3181 exercere
700 3113 978 3200 presumpserint,
1004 3131 1046 3178 ne
1070 3113 1214 3200 ipsorum
1240 3111 1420 3182 crudelitas
1439 3115 1471 3179 in

352 3217 497 3286 eiusdem
522 3220 601 3288 fidei
629 3220 836 3308 dispendium
866 3221 1062 3304 invalescat,
1088 3219 1245 3288 aduersus
1266 3239 1325 3289 eos
1341 3221 1470 3294 etalios

351 3326 548 3395 adherentes
565 3328 710 3414 eisdem,
733 3329 785 3396 vel
802 3329 892 3413 ipsos
909 3328 941 3392 iu
958 3327 1022 3395 biis
1039 3328 1284 3412 quomodolibet
1298 3327 1470 3396 confoveu·
1562 3355 1563 3373 r

351 3443 412 3518 tes,
430 3438 661 3519 cuiuscumque
677 3437 912 3523 preminentia,
930 3435 1121 3521 dignitatis,
1138 3443 1246 3503 status
1262 3445 1322 3502 aut
1337 3438 1470 3504 conditi·

355 3546 427 3614 onis
454 3541 640 3627 extiterint,
666 3561 705 3612 ao
730 3544 828 3612 etiarn
856 3551 971 3610 contra
994 3543 1175 3628 hereticos,
1202 3544 1258 3627 qui
1274 3544 1318 3612 de
1334 3545 1471 3614 diuersis
1561 3611 1562 3643 ἦ

349 3654 462 3724 mundi
478 3652 626 3737 partibus
642 3653 676 3719 in
693 3653 857 3720 nonnullis
873 3653 955 3722 loeis
971 3670 1031 3722 sne
1046 3652 1204 3737 legationi
1223 3652 1405 3739 subiectis,
1429 3658 1468 3723 ui-

350 3771 404 3831 eut
420 3763 589 3845 asseritur,
606 3769 836 3846 conuenerunt
865 3761 1015 3828 omnibus
1031 3759 1152 3830 christi
1166 3761 1319 3828 fidelibus
1335 3782 1396 3849 per
1411 3766 1464 3832 Rc
1560 3839 1561 3850 2

350 3891 450 3958 guum
467 3869 613 3954 Ungerie
641 3870 865 3958 supradictum
890 3889 930 3937 ac
956 3871 1041 3939 alias
1065 3871 1151 3936 dicto
1165 3869 1342 3952 legationis
1358 3879 1467 3956 partes
1560 3903 1561 3915 κ

349 4001 408 4067 por
422 4001 468 4063 se,
485 3981 538 4048 uel
554 3999 614 4065 per
630 3981 732 4048 alium
747 3999 807 4047 scu
823 3981 908 4048 alios
925 3980 1060 4048 uerbum
1076 3977 1181 4046 crocis
1197 3979 1339 4046 sollicite
1354 3999 1468 4065 propo·

349 4109 427 4156 uere
442 4089 597 4174 studeat,
624 4095 657 4154 et
672 4086 727 4173 [ad
742 4107 816 4155 eam
831 4087 992 4173 promptia
1008 4087 1126 4154 animis
1142 4086 1376 4156 assumendam
1392 4088 1470 4156 ehri·

350 4197 492 4266 stianum
508 4197 666 4285 populum
683 4197 859 4264 exhortari.
876 4199 1043 4282 Rogamus
1059 4196 1171 4279 itaque
1195 4197 1404 4264 nobilitatem
1420 4217 1471 4262 ve
1558 4237 1559 4248 ³

349 4314 452 4374 stram
478 4313 511 4373 et
535 4304 704 4372 hortamur
730 4305 763 4371 in
789 4304 855 4372 dlio
873 4305 936 4374 Dei
960 4306 1062 4392 patris
1088 4308 1122 4372 in
1138 4303 1362 4372 remissionem
1378 4304 1473 4374 uobis

348 4421 556 4501 peccatorum
581 4415 809 4499 iniungentes,
836 4423 997 4498 quatenus
1025 4413 1177 4498 diligenti
1194 4412 1407 4482 meditatione
1424 4434 1474 4482 re-

350 4522 546 4606 cogitantes,
564 4521 651 4604 quod
668 4541 726 4606 per
742 4522 804 4588 hoc
820 4529 933 4607 posset
943 4523 1113 4592 catholice
1128 4521 1205 4588 fidei
1221 4543 1291 4590 non
1307 4523 1473 4592 modicum

351 4627 511 4724 deperire,
526 4633 641 4696 eontra
655 4627 823 4718 Tartarea,
840 4631 1059 4719 Sarreocnoa,
1069 4631 1254 4718 Ncugctios
1271 4637 1304 4698 et
1319 4651 1473 4726 paganos
