3142 5170
635 1049 710 1114 159.

103 1271 253 1336 &zethar
269 1267 483 1356 lrirdlpodaak
499 1289 569 1332 eaeo
598 1264 807 1352 udomdayrdl
831 1265 935 1331 aeolio
949 1268 1115 1351 oamoaya.
1132 1269 1233 1332 1283.

212 1481 388 1552 Elisabeth
403 1482 466 1548 Dei
492 1481 608 1566 gracia
628 1482 756 1564 Regina
772 1479 943 1566 Hungarie
958 1481 1123 1548 universis
1142 1480 1230 1547 chri-

104 1595 147 1658 sti
162 1589 316 1660 fidelihus
331 1607 468 1677 presens
485 1589 641 1673 scriptum
657 1585 861 1654 intuentibus
878 1587 1021 1654 salutem
1036 1586 1070 1654 in
1086 1587 1229 1654 omnium

103 1699 288 1767 Saluatore.
315 1696 477 1776 Quoniam
502 1701 635 1762 terrene
659 1691 907 1777 Magnificencie
932 1693 1051 1778 decus,
1074 1699 1108 1759 et
1124 1694 1232 1779 gloria

101 1805 220 1874 celesti
243 1805 432 1894 prouisione
450 1821 610 1872 concessa
619 1801 840 1888 Principibus,
852 1819 915 1884 que
928 1802 1019 1885 ipsos
1030 1819 1129 1880 supra
1144 1801 1231 1869 alios

102 1913 217 1981 mandi
233 1915 395 1996 virentes,
412 1912 528 1997 quibus
545 1915 692 1996 presunt,
709 1907 900 1995 magnificat
917 1917 950 1976 et
965 1907 1113 1994 extollit,
1137 1911 1230 1996 ipso-

100 2041 174 2088 rum
191 2021 292 2089 debet
308 2019 521 2088 deuocionem
537 2016 717 2104 intendere,
735 2036 802 2101 cor,
818 2023 852 2082 et
867 2016 1014 2083 animum
1031 2035 1225 2104 prouocare,

101 2129 225 2196 Dinine
236 2127 480 2213 beneplacitam
491 2127 603 2212 gracie
620 2125 798 2209 consequi,
815 2131 848 2190 et
864 2123 998 2208 placare
1010 2124 1138 2210 jugiter
1153 2143 1229 2210 ope·

100 2238 194 2305 ribus
220 2235 355 2321 pietatis
367 2284 377 2319 ,
404 2240 439 2299 vt
473 2232 507 2298 hi
531 2231 709 2318 specialius
735 2231 967 2298 Sacrosanctis
992 2231 1174 2317 Ecclesijs,
1198 2233 1231 2299 in

100 2342 295 2430 quibnsDei
310 2341 532 2408 ministrorum
549 2338 720 2424 suffragijs
736 2338 992 2423 reniaposoitnr
1007 2345 1228 2426 peecatorum,

99 2451 303 2520 donaciones
318 2449 459 2518 offerant
474 2447 657 2533 largitinas,
675 2445 752 2531 quin
769 2447 834 2512 imo
851 2447 977 2514 cercius
994 2452 1027 2513 et
1042 2449 1227 2531 immensas,

93 2559 185 2644 juris
201 2555 365 2624 notissimi
379 2555 587 2638 testimonio,
614 2552 732 2638 quibus
748 2553 957 2638 Principibus
982 2554 1123 2639 plurima
1139 2555 1230 2622 dedit

98 2666 213 2750 Deus,
228 2665 470 2747 multorumque
485 2658 763 2746 toreDominum,
779 2657 971 2744 Presidem,
998 2667 1031 2726 et
1046 2662 1228 2729 Rectorem.

99 2775 188 2840 Hinc
205 2779 267 2857 est,
285 2772 374 2856 quod
402 2771 495 2856 virgo
506 2771 577 2837 Deo
595 2769 735 2860 derum,
761 2768 893 2836 domina
909 2767 1090 2854 Elisabeth,
1108 2771 1230 2838 saucti-

99 2879 262 2949 monialis
280 2881 323 2947 de
338 2879 453 2946 Insula
467 2877 614 2963 Virginis
630 2874 800 2961 Gloriosa,
816 2882 932 2944 nostra
948 2882 1091 2964 cognata
1106 2877 1227 2946 charis·

100 2989 202 3074 sima,
218 2985 364 3055 Illustris
381 2984 503 3053 domiui
520 2983 623 3051 nocui
638 2981 806 3068 Hangarie
826 2985 928 3070 Regis
946 3005 1045 3069 soror,
1063 2987 1226 3071 quandam

100 3093 219 3164 villam
245 3101 390 3162 nostram
415 3091 608 3176 Reginalem
632 3093 738 3158 Beren
765 3091 917 3177 nomine,
933 3093 968 3159 in
985 3094 1163 3163 Provincia
1178 3095 1228 3164 Si-

103 3202 282 3288 mighiensi
307 3201 416 3286 sitam,
442 3216 541 3284 quam
564 3219 586 3265 a
611 3195 707 3264 nobis
738 3197 803 3263 iarn
841 3198 966 3268 dudum
1000 3201 1142 3288 petierat
1166 3202 1228 3270 sibi

105 3309 201 3393 dari,
218 3327 347 3392 nosque
363 3307 470 3376 eidem
488 3305 619 3374 domine
645 3304 835 3391 Elisabeth,
861 3313 973 3377 nostre
994 3315 1137 3395 cognate
1153 3309 1228 3376 oha-

97 3417 234 3483 rissime
251 3418 392 3484 eandem
407 3414 521 3482 villam
537 3431 595 3481 seu
611 3413 860 3497 possessionem
873 3419 981 3484 Beren
996 3417 1137 3497 nomine,
1149 3417 1228 3486 libe-

98 3525 270 3592 ralissime
286 3521 482 3592 dederamus
499 3526 533 3588 et
552 3519 796 3590 contuleramus
821 3524 1034 3593 effectualiter
1049 3543 1092 3592 ex
1115 3525 1228 3594 debito

98 3632 276 3720 parentele
293 3629 442 3718 ejusdem
459 3637 572 3697 nostre
587 3636 729 3714 cognate
745 3649 886 3718 persono
897 3632 1070 3720 duntaxat,
1080 3653 1152 3700 eam
1163 3631 1227 3700 sibi

95 3743 261 3826 placeret,
277 3739 438 3824 quidquid
452 3757 557 3825 penes
573 3757 632 3804 noe
649 3757 754 3805 rerum
766 3757 826 3804 seu
842 3740 1087 3826 possessionum
1103 3741 1227 3824 existit,

93 3845 285 3932 liberalius,
301 3853 339 3916 ut
353 3851 519 3930 tenemur,
536 3843 651 3930 largiri
666 3843 838 3930 debentes,
855 3867 876 3913 a
892 3867 960 3931 qua
974 3847 1125 3935 plurima,
1135 3848 1223 3915 ride·

92 3955 179 4021 licet
204 3973 399 4038 quecunque
423 3953 458 4020 in
482 3953 582 4021 rebus
607 3951 881 4041 preciosissimis,
897 3957 1000 4024 relati
1016 3957 1136 4042 aureis,
1154 3955 1227 4022 diti-

92 4063 228 4145 husqne
244 4079 448 4148 gemmarum
464 4060 636 4146 clenodijs,
652 4067 772 4145 parata
797 4062 913 4146 eciam,
929 4081 987 4132 seu
1003 4072 1155 4150 prompta
1170 4081 1227 4149 pe·

91 4169 220 4254 annia,
246 4171 508 4254 quandocunque
533 4187 617 4255 opus
633 4168 806 4238 habuimus
821 4170 1025 4258 indigentes,
1052 4173 1096 4239 ah
1112 4174 1227 4241 eadem

89 4295 234 4362 semper
258 4279 302 4346 ed
325 4285 473 4349 nostrum
500 4278 703 4364 accipientes
726 4277 994 4366 beneplacitum,
1011 4285 1044 4346 et
1060 4285 1228 4365 optatum;

88 4385 232 4452 demum
258 4385 346 4453 diota
360 4395 474 4455 nosba
493 4393 639 4471 cognata
664 4385 865 4456 charissima
890 4385 1025 4455 domina
1041 4387 1228 4473 Elisabeth,

90 4499 138 4562 ut
154 4492 280 4560 dictam
295 4492 411 4561 villam
427 4513 542 4579 suam,
569 4499 604 4560 et
628 4493 692 4563 sibi
707 4515 730 4562 a
746 4493 841 4564 nobis
861 4494 933 4580 jam
950 4492 1104 4562 donatam
1120 4493 1226 4560 Beren

87 4600 235 4670 nomine
243 4650 254 4686 ,
280 4619 380 4686 quam
397 4602 439 4668 ob
454 4601 635 4671 remedium
660 4603 769 4670 anime
784 4603 929 4671 Illustris
945 4600 1108 4686 quondam
1124 4601 1227 4684 Regis

86 4707 266 4794 Stephani
281 4706 389 4776 iudeis
405 4709 578 4794 memorie,
596 4711 647 4778 sui
671 4713 778 4797 patris
795 4709 1043 4795 charissimique
1059 4707 1163 4775 nostri
1178 4725 1228 4774 so·

153 4827 582 4876 [ommam-uma.
972 4816 1012 4882 17
