3142 5164
597 361 755 466 Q

104 559 245 629 miliaria
262 557 409 647 epatium
433 560 636 644 retreoeeeit,
660 559 726 626 duo
741 565 853 626 eastra
870 557 1013 625 fidelium
1039 557 1164 626 domiui
1181 577 1235 624 no·

104 669 184 754 etri,
211 686 300 755 quae
326 675 403 738 ante
428 688 640 756 progressum
658 668 740 755 ejus,
758 687 819 754 per
834 665 1078 736 inhabitatores
1095 664 1236 736 fannon

104 777 150 846 ad
166 796 285 846 manue
302 795 382 846 suae
410 777 583 846 traditorie
599 781 832 865 pervenerant,
847 773 1083 861 praeeipieudn
1100 779 1238 859 quanto·

105 905 188 972 eyue
212 884 375 953 demoliri.
401 885 444 952 nt
469 885 586 968 quibua
611 885 698 953 inter
722 904 782 953 voe
798 881 962 968 discutite,
980 892 1011 950 et
1027 882 1235 952 discutiendo

105 994 306 1079 eognonoite,
323 992 412 1077 quod
426 993 598 1081 praetatus
614 995 686 1061 Rex
701 992 880 1061 Bohemiae
902 991 1035 1060 domiuo
1045 997 1158 1060 neutro
1168 1010 1235 1060 non

104 1104 221 1170 valane
250 1121 313 1172 nee
342 1120 485 1191 eperaue
513 1103 690 1189 resistere,
710 1102 883 1170 contendit
896 1099 996 1187 fugae
1012 1099 1182 1188 praesidio
1199 1118 1237 1168 ee

103 1213 247 1279 salvare.

482 1409 647 1484 (Bodrnauu
660 1411 699 1468 id.
712 1428 749 1466 m.
763 1410 807 1468 88.
819 1409 851 1483 l.)

547 1711 807 1722 m

628 2238 707 2307 10³.

99 2441 201 2506 Peter
216 2440 322 2506 eaeor
340 2437 617 2526 bizoayedylevele,
629 2437 711 2526 boyy
727 2439 821 2504 Pe'ter
831 2435 911 2525 yrcis
922 2440 954 2503 6⁸
971 2436 1080 2504 Oelari
1093 2439 1236 2505 Modaeb

100 2547 333 2638 eqyezeremind
346 2545 503 2612 roborate
523 2545 656 2614 neoeben
681 2549 710 2612 ie
725 2569 764 2611 aa
779 2545 890 2610 kbatble
899 2543 1057 2633 senforqo
1069 2545 1235 2637 interpone

359 2653 587 2743 bardudooean
603 2653 868 2742 leieqyenlttetteb.
883 2654 981 2720 1278.

210 2852 329 2922 Petrua
345 2853 518 2922 Palatinus
535 2853 652 2922 (tomes
662 2849 884 2939 Symigieueie
900 2857 933 2920 et
948 2849 1054 2920 Judex
1070 2849 1232 2921 Gumuno-

98 2983 174 3030 rum
200 2963 354 3030 omuibus
381 2961 505 3031 Obrieti
529 2961 684 3031 fidelibus
710 2981 847 3049 presens
868 2960 1024 3048 seriptum
1040 2960 1233 3049 inspecturis

101 3072 249 3140 salutem
264 3071 300 3139 in
317 3092 357 3140 eo
375 3071 430 3157 qui
447 3078 499 3140 eat
514 3072 607 3141 ealue
625 3071 765 3140 emnium
787 3075 886 3157 atque
900 3071 979 3139 vita.
996 3071 1048 3139 Ad
1063 3071 1234 3140 uniuerso-

98 3201 174 3247 rum
191 3181 351 3248 uotiotam
367 3179 483 3248 harum
500 3181 586 3250 serie
611 3182 759 3248 volumus
785 3181 977 3268 peruenire,
1005 3180 1093 3265 quod
1118 3181 1234 3248 Patrue

99 3290 221 3358 Comen
237 3289 327 3359 filius
345 3289 430 3360 Mino
447 3311 508 3377 pro
525 3310 563 3359 ee
579 3297 612 3360 et
627 3311 687 3378 pre
703 3291 806 3359 fratre
822 3310 882 3360 aue
898 3291 1011 3378 Byter,
1031 3307 1158 3355 neonon
1173 3309 1233 3375 pro

97 3397 201 3480 Mieo,
218 3397 335 3466 Alexio
353 3405 387 3466 et
401 3398 537 3467 Detrieo
563 3397 606 3468 ab
623 3419 688 3466 una
704 3407 820 3488 purte5
836 3397 979 3470 biadach
996 3398 1037 3466 de
1055 3387 1154 3465 Oular
1169 3415 1234 3464 una

97 3525 177 3574 aum
202 3503 270 3572 filio
296 3525 356 3574 eno
372 3506 566 3588 Benedieto,
593 3525 653 3592 pro
668 3525 706 3574 ee
722 3514 756 3575 et
771 3527 830 3595 pro
846 3507 914 3576 alie
930 3505 995 3574 filio
1012 3525 1071 3574 auo
1089 3503 1234 3592 Anima,

99 3615 198 3684 Mike
222 3635 281 3702 pro
298 3633 346 3699 se,
363 3637 425 3704 pro
441 3615 575 3686 'Phebia
591 3625 624 3684 et
639 3617 783 3686 Wolkan
808 3617 967 3685 iratribus
985 3615 1064 3698 euin,
1081 3613 1233 3702 Pbilipue

99 3723 194 3790 tilius
219 3721 349 3791 Thema
375 3743 436 3809 pro
463 3744 501 3792 ee
526 3731 559 3792 et
575 3745 635 3810 pro
651 3725 812 3793 fratribus
829 3724 899 3793 orie
916 3725 981 3793 Gal
998 3729 1030 3790 et
1046 3723 1175 3792 Thomu
1191 3743 1233 3791 ex

94 3833 210 3898 alteru
227 3851 338 3900 eoram
355 3831 453 3902 nobie
469 3831 640 3902 constituti
655 3841 918 3921 proposuerunt:
934 3831 1029 3914 Quod
1046 3851 1119 3902 eum
1135 3853 1233 3920 nuper

95 3941 202 4007 metie
218 3941 427 4030 intermedije
442 3943 527 4010 inter
543 3948 665 4010 terram
681 3941 785 4028 ipsine
795 3943 930 4011 (inmitia
939 3943 1029 4012 Petri
1046 3949 1078 4012 et
1093 3943 1233 4011 fratrum

92 4069 235 4116 auorum
252 4051 415 4137 Vatergar
430 4058 593 4138 uocatam,
613 4059 645 4119 et
661 4059 783 4121 terram
799 4052 942 4139 predieti
957 4051 1101 4120 biadach
1119 4060 1153 4120 et
1167 4053 1232 4120 fra·

90 4165 188 4226 trum
206 4177 339 4227 auorum
356 4159 455 4228 Ozlar
470 4166 696 4248 nuncupatam
714 4160 873 4229 suscitata
882 4159 1000 4229 fuisset
1012 4161 1147 4230 materie
1157 4181 1233 4246 que·

94 4263 243 4351 ationie5
266 4263 402 4333 tandem
417 4267 585 4336 mediante
601 4268 773 4341 sentencia
788 4268 914 4336 Thema
932 4269 1077 4348 (inmitis,
1089 4271 1232 4339 Miehae·

89 4377 134 4441 tia
164 4378 201 4439 et
225 4373 386 4458 Demetrij
413 4373 595 4461 Comitum,
623 4395 663 4443 ae
679 4375 816 4443 aliorum
834 4377 1010 4462 proborum
1025 4379 1174 4447 virorum
1190 4379 1233 4448 de

89 4481 272 4550 comitatu
298 4481 543 4567 Neugradienei
569 4487 602 4551 tn
628 4483 724 4571 penis
741 4484 894 4552 unionem
911 4503 948 4552 ee
965 4485 1118 4552 dixerunt
1133 4485 1230 4552 deua-

88 4592 216 4672 uisae‚
245 4595 279 4655 et
295 4590 475 4656 seeundum
492 4593 679 4660 eorumdem
696 4592 852 4659 nobilium
869 4592 1041 4659 arbitrium
1059 4597 1163 4658 metue
1180 4609 1232 4658 nn·

86 4719 154 4787 per
173 4695 264 4783 ipeir
280 4697 377 4765 terrie
394 4698 548 4785 eteriano,
565 4707 598 4767 et
614 4699 793 4770 seeundum
809 4699 999 4768 earumdem
1016 4719 1141 4766 aureum
1152 4719 1228 4783 par·
