3142 5170
112 527 194 592 stitit
209 526 356 610 plenarie
377 527 546 612 persoluto
555 578 564 613 ,
590 529 632 596 ad
649 531 796 599 valorem
816 526 968 595 videlieet
983 527 1096 595 decem
1111 548 1229 613 pensa-

112 655 183 702 rum
193 634 399 702 denariorum
415 638 658 722 Vyennensium
669 639 865 725 argentipro
875 656 986 704 maroa
997 637 1231 723 qualibetpon-

113 745 239 812 derata.
269 745 312 810 Et
336 745 383 813 sio
409 765 468 830 per
484 748 748 831 assignaoionem
765 755 798 812 et
813 745 1039 814 vendicionem
1056 747 1231 814 eorundem

111 850 252 920 tiliorum
269 855 422 938 magistri
438 855 560 938 ltaroi,
579 854 851 938 quemadmodum
869 861 921 923 est
938 855 1131 940 premissum
1141 902 1151 937 ,
1168 871 1233 920 una

113 981 191 1045 pars
211 962 357 1030 eiusdem
374 969 459 1028 terre
475 965 612 1031 Palastb
627 967 753 1052 tocius,
771 967 804 1030 in
821 972 888 1031 tres
906 965 1080 1050 porciones
1096 963 1233 1047 equales

112 1071 244 1154 partite,
271 1077 303 1136 et
320 1089 451 1138 suarum
470 1073 663 1158 utilitatum,
681 1073 836 1142 videlieet
853 1071 979 1156 tributi,
996 1073 1060 1138 loci
1077 1070 1235 1138 molendi·

111 1198 233 1260 norum,
251 1178 397 1244 senilium
414 1189 446 1246 et
456 1181 625 1266 silvarum,
642 1202 778 1248 necnon
794 1183 936 1249 aliarum
955 1179 1234 1266 pertinenciarum

112 1306 264 1369 suarum,
282 1286 389 1353 eidem
406 1288 523 1354 Comiti
541 1291 639 1358 Petro
656 1297 689 1356 et
704 1290 782 1376 fittjs
800 1295 887 1368 suis,
914 1309 954 1358 ae
969 1309 1081 1358 eorum
1097 1287 1235 1375 posteri-

112 1396 236 1464 tatibus
261 1396 361 1463 cessit
386 1403 418 1464 et
444 1402 568 1464 statuta
593 1405 644 1466 est
668 1399 702 1465 in
728 1405 922 1484 perpetuum
938 1395 1151 1483 possidenda,
1168 1395 1237 1462 alia
1357 1407 1361 1416 '

113 1505 271 1592 porcione
298 1504 444 1572 eiusdem
471 1511 558 1574 terre
581 1513 615 1573 et
639 1510 872 1594 promissarum
888 1505 1067 1573 utilitatum
1083 1524 1124 1572 ao
1139 1502 1237 1591 perti·

112 1610 302 1679 nenoiarum
330 1631 461 1679 suarum
484 1616 607 1684 eisdem
625 1614 705 1700 filijs
722 1617 848 1684 Joance
874 1621 906 1682 et
922 1612 1112 1700 Gyurkonis
1128 1631 1168 1682 ao
1184 1631 1236 1680 eo·

115 1740 186 1786 rum
202 1720 343 1806 posteris
352 1772 360 1806 ,
377 1721 422 1788 ad
437 1722 620 1790 habendum
643 1725 720 1809 jure
746 1731 905 1810 perpetuo
926 1721 1100 1804 devoluta,
1127 1724 1173 1788 ita
1189 1727 1237 1786 ta·

115 1848 203 1913 men,
221 1831 308 1913 qnod
325 1832 368 1897 ab
385 1832 535 1898 omnibus
552 1833 776 1915 questionibus
794 1834 924 1899 racione
938 1832 1075 1898 duarum
1090 1828 1239 1914 parcium

113 1939 262 2023 predicte
287 1946 370 2006 terre
387 1935 523 2007 Palasth
549 1941 677 2022 totalis',
695 1948 728 2010 et
745 1942 928 2008 utilitatum
944 1959 1086 2022 suarum,
1103 1938 1171 2004 ullo
1187 1955 1242 2002 un-

114 2066 212 2131 quam
228 2054 372 2133 tempore
388 2053 563 2130 suscitatis,
581 2051 702 2137 prelati
719 2051 781 2137 filij
801 2049 949 2133 magistri
964 2048 1066 2116 Marci
1082 2053 1115 2112 et
1131 2065 1242 2114 eorum

119 2155 179 2241 filij
199 2161 233 2222 et
248 2155 467 2240 posteritates,
485 2158 592 2242 ipsum
608 2156 767 2226 Comitem
779 2157 911 2226 Petrum
929 2163 962 2224 et
977 2154 1062 2224 lilios
1078 2172 1165 2236 suos,
1181 2155 1243 2222 n'ec

121 2283 187 2330 non
214 2261 298 2332 filios
324 2264 452 2330 Joanee
477 2273 510 2330 et
525 2265 713 2350 Gynrkonis
738 2273 770 2334 et
789 2279 899 2331 eorum
915 2282 1127 2332 successores
1143 2281 1241 2347 expc-

121 2373 214 2438 dient
239 2374 308 2440 suis
324 2371 493 2439 laboribus
510 2381 543 2440 et
559 2375 713 2459 expensis
738 2374 772 2441 in
797 2380 958 2460 perpetua
973 2379 1088 2440 tenuta
1103 2377 1135 2438 et
1150 2368 1242 2456 peci-

121 2481 186 2548 tiea
212 2482 421 2567 possessione
449 2480 586 2550 duarum
611 2483 757 2567 parcium
784 2483 871 2550 dicte
892 2487 988 2564 terre,
1006 2489 1039 2547 et
1054 2479 1243 2564 utilitatum,

116 2607 252 2656 suarum
279 2610 336 2658 eos
363 2589 581 2677 indempniter
608 2591 856 2674 conservando,
883 2595 980 2675 prout
996 2586 1040 2654 ad
1056 2588 1120 2656 hec
1134 2589 1244 2654 omnia

117 2706 150 2762 et
183 2697 314 2783 singula
345 2701 575 2782 premissorum
602 2699 858 2767 irrevocabiliter
878 2691 1118 2779 observanda,
1145 2713 1181 2760 se
1212 2699 1246 2761 et

119 2825 198 2872 suos
226 2816 375 2893 posteros
402 2807 535 2876 firmiter
561 2801 758 2893 obligarunt.
778 2809 816 2874 In
835 2805 928 2891 cujus
945 2805 994 2872 rei
1009 2803 1193 2870 firmitatem
1210 2807 1245 2868 et

119 2915 310 2980 memoriam
337 2917 568 3002 sempiternam
596 2923 765 3002 presentes
792 2914 836 2981 ad
868 2914 1066 3002 peticionem
1097 2911 1244 2997 parcium

117 3021 342 3107 predictorum
360 3033 473 3093 nostro
490 3025 601 3110 sigillo
629 3023 776 3092 dedimus
795 3015 1020 3091 communitas.
1047 3020 1170 3088 Datum
1185 3039 1244 3106 per

119 3150 238 3200 manus
256 3133 388 3201 disereti
407 3136 467 3201 viri
483 3135 633 3220 magistri
650 3132 807 3221 cypriant
825 3131 975 3200 Ecclesie
1002 3135 1113 3200 nostre
1129 3129 1244 3196 Lecto-

118 3243 175 3326 ris,
193 3262 280 3310 anno
297 3246 429 3312 Domini
446 3245 487 3311 td.
505 3245 584 3313 00⁰.
602 3243 737 3312 LXXX.
754 3249 894 3327 octavo,
912 3241 1039 3310 decimo
1056 3245 1171 3324 quarto
1186 3239 1245 3306 ka-

117 3351 235 3418 lendas
258 3351 439 3420 Februarii.

116 3546 266 3619 (Hartyeln
279 3566 297 3604 a
310 3553 401 3606 torota
414 3547 513 3622 pecse't
527 3548 615 3622 sdrga
627 3553 713 3607 ’ὅνδε
727 3549 854 3620 sclymen
876 3546 958 3620 fiigg.
971 3541 1245 3640 Lonthotkczbtrt:

189 3638 326 3712 levdltdr,
341 3640 429 3712 Cape.
442 3643 478 3698 a:
491 3643 575 3700 Fare.
591 3645 615 3698 t.
629 3641 679 3698 Nr.
693 3638 817 3698 essenti
839 3641 989 3708 Rotocratg
1002 3639 1088 3692 tstrrtn
1102 3633 1166 3705 dr.)

570 3951 803 3964 mat——
