3116 5166
813 287 970 394 umc—

330 516 426 581 quem
450 513 510 582 pro
536 511 668 560 suarum
693 491 847 558 uirtutum
873 488 1024 574 insigniis
1049 487 1181 555 interne
1208 489 1456 575 complectimur

329 601 463 668 brachio
488 599 656 681 caritatis,
682 597 780 664 immo
806 598 914 684 potius
940 616 1114 682 personam
1140 603 1287 666 nostram
1313 598 1347 664 in
1374 600 1456 685 ipso,

331 728 402 774 cum
420 706 498 772 illuc
513 708 584 772 Deo
612 705 696 772 duce
715 705 912 789 pervenerit,
928 705 1073 786 benigne
1088 705 1254 792 recipiens
1272 713 1305 772 et
1320 705 1457 777 honeste

328 822 546 904 pertractans,
563 814 626 879 sibi
642 820 811 898 tamquam
828 813 1020 899 Apostolice
1036 813 1132 880 Sedis
1143 815 1269 899 Legato
1281 836 1342 901 pro
1353 816 1456 904 ipsius

330 923 420 994 sedis
447 931 480 991 et
495 927 608 989 nostra
624 924 810 990 reverentia
825 929 858 988 te
874 921 1054 990 constituas
1070 921 1170 988 verbo
1196 923 1406 1008 benivolum,
1423 930 1455 991 et

328 1032 420 1101 vultu
445 1050 593 1098 serenum
612 1030 681 1098 eius
699 1029 886 1098 salubribus
912 1029 1044 1095 monitis
1071 1035 1105 1097 et
1130 1029 1297 1114 consiliis,
1326 1031 1454 1116 achiis,

329 1162 394 1228 que
418 1140 480 1207 tibi
496 1159 537 1206 ex
552 1145 650 1224 parte
666 1143 780 1206 nostra
796 1135 956 1220 suaserit,
983 1137 1031 1204 ita
1047 1137 1229 1204 efficaciter
1246 1137 1454 1221 intendendo,

329 1249 419 1336 quod
434 1247 621 1333 Episcopus
647 1247 719 1334 ipse
739 1246 841 1330 Regio
859 1245 959 1313 fultus
974 1245 1100 1313 auxilio
1117 1246 1150 1310 in
1167 1247 1366 1332 exequenda
1382 1245 1454 1313 soli·

330 1355 475 1425 citudine
499 1354 677 1440 legationis
703 1355 733 1422 ei
760 1353 882 1422 credite
906 1354 1012 1440 possit
1039 1373 1111 1419 cum
1127 1352 1288 1420 adiutorio
1305 1353 1370 1420 Dei
1385 1372 1453 1437 pro·

330 1465 458 1558 sperari
473 1463 613 1548 facilius,
630 1482 755 1547 nosque
772 1469 862 1529 tuam
873 1461 1112 1546 celsitudinem
1122 1458 1230 1543 dignis
1241 1460 1375 1527 landum
1386 1481 1454 1548 pre·

330 1573 435 1640 coniis
459 1571 595 1656 proinde
620 1570 738 1638 merito
763 1571 953 1639 attolamus.
981 1567 1104 1635 Datum
1120 1566 1257 1635 Vitcrbii
1272 1569 1315 1637 X.
1334 1569 1453 1636 Kalen-

331 1679 393 1748 das
410 1677 570 1748 Octobris.
586 1679 802 1747 Pontificatus
819 1676 924 1746 nostri
940 1697 1026 1745 anno
1043 1677 1155 1764 primo.

431 1874 491 1947 (111.
504 1874 612 1932 Mikros
624 1872 704 1949 pdpa
716 1871 916 1949 Regestdibdl,
930 1873 1057 1930 Theiner
1069 1871 1108 1930 id.
1122 1890 1158 1929 m.
1173 1871 1196 1928 1.
1208 1872 1238 1930 k.
1253 1873 1314 1928 329.
1327 1867 1360 1942 l.)

866 2723 927 2791 dd.

490 2917 526 3006 6)
543 2917 676 3007 Apdpc
691 2920 785 2988 leculo
798 2921 907 2988 Estdrc
921 2921 1096 2989 saluoooici
1110 2920 1302 3010 bercscpbee.

434 3115 592 3186 Nicotaus
618 3115 804 3204 Episcopus
829 3137 944 3188 seruus
970 3137 1140 3188 seruorum
1167 3117 1241 3202 Dei,
1257 3117 1374 3189 Nobili
1388 3118 1454 3186 uiro

326 3274 335 3294 .
360 3273 369 3290 .
394 3276 402 3292 .
427 3225 511 3294 Duci
528 3225 706 3294 Sclavonie
732 3229 873 3296 salutem
889 3234 921 3294 et
937 3229 1165 3312 Apostolicam
1182 3226 1454 3296 benedictionem.

326 3335 364 3404 ln
391 3333 548 3404 eminenti
577 3331 675 3401 Sedis
701 3333 893 3420 Apostolice
919 3337 1057 3421 specula
1083 3337 1279 3423 disponente
1316 3335 1454 3404 Domino

328 3442 512 3528 constituti,
530 3441 642 3522 domui
667 3443 783 3522 Israel,
803 3442 966 3512 universis
983 3443 1140 3512 videlicet
1156 3443 1357 3513 Christianis
1367 3495 1376 3528 ,
1400 3443 1455 3526 qui

326 3551 402 3620 fidei
419 3551 525 3621 oculis
541 3551 648 3617 Deum
672 3549 795 3635 vident,
824 3559 980 3638 quantum
997 3553 1095 3620 nobis
1114 3574 1155 3622 ex
1170 3554 1239 3620 alto
1256 3553 1456 3636 conceditur,

327 3669 520 3747 oportunum
537 3660 753 3746 speculatoris
768 3659 911 3728 officinm
928 3659 1139 3748 impertimur,
1157 3667 1190 3730 et
1209 3679 1283 3728 cum
1308 3661 1457 3746 indulge·

326 3777 379 3835 tur
395 3789 417 3834 a
442 3767 566 3835 Divina
592 3766 783 3852 clementia,
802 3774 991 3854 reverenter
1006 3770 1051 3838 ad
1068 3789 1124 3838 cor
1140 3770 1242 3836 altum
1259 3769 1457 3840 accedimus,

325 3885 363 3945 ut
377 3896 496 3945 nomen
511 3875 644 3942 Domini
660 3877 908 3946 sanctissimum
934 3883 1002 3946 tam
1018 3877 1052 3946 in
1069 3877 1203 3947 remotis
1219 3877 1334 3944 extolli
1350 3877 1457 3964 parti-
1551 3947 1552 3950 ,

325 3987 396 4068 bus,
415 4003 512 4068 quam
529 3984 564 4050 in
582 3983 699 4053 ricinis
727 3987 826 4054 etiam
843 4005 1077 4072 procuremus,
1095 3991 1303 4074 apponentes
1328 4003 1459 4052 manum

325 4100 437 4160 nostre
463 4091 696 4177 possibilitatis
721 4095 765 4162 ad
790 4113 925 4178 operam
936 4145 944 4178 ,
961 4115 1059 4180 quam
1079 4113 1249 4182 speramns
1265 4094 1301 4160 in
1317 4091 1461 4161 excelsis

325 4201 396 4268 fore
414 4201 590 4286 placidam,
609 4208 642 4270 et
658 4201 692 4268 in
702 4154 805 4270 hrris
821 4203 970 4272 novimus
987 4209 1192 4288 oportunam.
1219 4203 1371 4270 Summus
1387 4201 1463 4286 qni·

325 4310 400 4377 dem
427 4311 517 4378 orbis
543 4309 655 4396 opifex
680 4317 713 4378 et
736 4312 888 4380 universe
914 4311 1064 4380 conditor
1090 4316 1240 4380 creature
1265 4315 1464 4378 terrestrem

325 4415 466 4504 patriam
482 4418 646 4504 disposuit
662 4421 722 4490 snb
749 4419 890 4508 provida
905 4419 1100 4488 discretione
1115 4421 1325 4506 Regnorum,
1352 4437 1466 4503 eaque

326 4527 477 4594 consulte
492 4527 598 4594 voluit
614 4526 713 4614 dirigi
728 4533 762 4594 ct
777 4529 901 4596 salubri
926 4529 1087 4616 regimine
1110 4528 1310 4613 gubernari,
1326 4547 1369 4595 ne
1384 4547 1463 4594 ere·
1551 4517 1552 4564 l

327 4640 458 4706 uturum
481 4635 659 4707 humanam
685 4637 784 4724 paulo
809 4631 967 4710 minorem
993 4637 1130 4726 angelis,
1148 4656 1212 4724 que
1228 4635 1279 4706 sui
1296 4641 1463 4711 creatoris
