<?xml version="1.0" encoding="UTF-8"?>
<!DOCTYPE html PUBLIC "-//W3C//DTD XHTML 1.0 Transitional//EN"
    "http://www.w3.org/TR/xhtml1/DTD/xhtml1-transitional.dtd">
<html xmlns="http://www.w3.org/1999/xhtml" xml:lang="en" lang="en">
 <head>
  <title>
</title>
<meta http-equiv="Content-Type" content="text/html;charset=utf-8" />
  <meta name='ocr-system' content='tesseract 3.04.00' />
  <meta name='ocr-capabilities' content='ocr_page ocr_carea ocr_par ocr_line ocrx_word'/>
</head>
<body>
  <div class='ocr_page' id='page_1' title='image "./codexdiplomatic08wenzgoog_0046.png"; bbox 0 0 3156 5158; ppageno 0'>
   <div class='ocr_carea' id='block_1_1' title="bbox 882 269 923 338">
    <p class='ocr_par' dir='ltr' id='par_1_1' title="bbox 882 269 923 338">
     <span class='ocr_line' id='line_1_1' title="bbox 882 269 923 338; baseline 0 0"><span class='ocrx_word' id='word_1_1' title='bbox 882 269 923 338; x_wconf 81' lang='lat'>16</span> 
     </span>
    </p>
   </div>
   <div class='ocr_carea' id='block_1_2' title="bbox 816 355 973 374">
    <p class='ocr_par' dir='ltr' id='par_1_2' title="bbox 816 355 973 374">
     <span class='ocr_line' id='line_1_2' title="bbox 816 355 973 374; baseline -0.006 -2"><span class='ocrx_word' id='word_1_2' title='bbox 816 355 973 374; x_wconf 56' lang='lat' dir='ltr'><strong>hun—n·—</strong></span> 
     </span>
    </p>
   </div>
   <div class='ocr_carea' id='block_1_3' title="bbox 332 465 1565 552">
    <p class='ocr_par' dir='ltr' id='par_1_3' title="bbox 332 465 1565 552">
     <span class='ocr_line' id='line_1_3' title="bbox 332 465 1565 552; baseline -0.003 -20"><span class='ocrx_word' id='word_1_3' title='bbox 332 485 396 532; x_wconf 89' lang='lat' dir='ltr'>non</span> <span class='ocrx_word' id='word_1_4' title='bbox 414 466 559 534; x_wconf 89' lang='lat' dir='ltr'>curando</span> <span class='ocrx_word' id='word_1_5' title='bbox 576 483 703 552; x_wconf 88' lang='lat' dir='ltr'>curare,</span> <span class='ocrx_word' id='word_1_6' title='bbox 720 485 792 534; x_wconf 90' lang='lat' dir='ltr'>eum</span> <span class='ocrx_word' id='word_1_7' title='bbox 809 485 994 535; x_wconf 87' lang='lat' dir='ltr'>curennon</span> <span class='ocrx_word' id='word_1_8' title='bbox 1010 465 1155 534; x_wconf 86' lang='lat' dir='ltr'>habeant</span> <span class='ocrx_word' id='word_1_9' title='bbox 1170 466 1352 534; x_wconf 84' lang='lat' dir='ltr'>animarum</span> <span class='ocrx_word' id='word_1_10' title='bbox 1369 491 1377 532; x_wconf 91' lang='lat'>:</span> <span class='ocrx_word' id='word_1_11' title='bbox 1393 469 1453 536; x_wconf 88' lang='lat' dir='ltr'>uti-</span> <span class='ocrx_word' id='word_1_12' title='bbox 1564 519 1565 528; x_wconf 73' lang='grc'>,</span> 
     </span>
    </p>
   </div>
   <div class='ocr_carea' id='block_1_4' title="bbox 332 573 1450 662">
    <p class='ocr_par' dir='ltr' id='par_1_4' title="bbox 332 573 1450 662">
     <span class='ocr_line' id='line_1_4' title="bbox 332 573 1450 662; baseline 0.003 -22"><span class='ocrx_word' id='word_1_13' title='bbox 332 573 459 642; x_wconf 84' lang='lat' dir='ltr'>litatem</span> <span class='ocrx_word' id='word_1_14' title='bbox 474 593 549 642; x_wconf 91' lang='lat' dir='ltr'>cure</span> <span class='ocrx_word' id='word_1_15' title='bbox 564 573 759 660; x_wconf 90' lang='lat' dir='ltr'>percipiunt,</span> <span class='ocrx_word' id='word_1_16' title='bbox 779 575 897 644; x_wconf 89' lang='lat' dir='ltr'>eteius</span> <span class='ocrx_word' id='word_1_17' title='bbox 913 575 1092 660; x_wconf 85' lang='lat' dir='ltr'>periculum</span> <span class='ocrx_word' id='word_1_18' title='bbox 1107 580 1297 643; x_wconf 77' lang='lat' dir='ltr'><strong>recusantes</strong></span> <span class='ocrx_word' id='word_1_19' title='bbox 1314 575 1450 662; x_wconf 90' lang='lat' dir='ltr'>habere,</span> 
     </span>
    </p>
   </div>
   <div class='ocr_carea' id='block_1_5' title="bbox 334 681 1565 768">
    <p class='ocr_par' dir='ltr' id='par_1_5' title="bbox 334 681 1565 768">
     <span class='ocr_line' id='line_1_5' title="bbox 334 681 1565 768; baseline 0.003 -20"><span class='ocrx_word' id='word_1_20' title='bbox 334 689 470 768; x_wconf 78' lang='lat' dir='ltr'>presunt</span> <span class='ocrx_word' id='word_1_21' title='bbox 485 683 557 749; x_wconf 90' lang='lat' dir='ltr'>sine</span> <span class='ocrx_word' id='word_1_22' title='bbox 572 682 806 768; x_wconf 90' lang='lat' dir='ltr'>sollicitudine,</span> <span class='ocrx_word' id='word_1_23' title='bbox 823 683 981 751; x_wconf 77' lang='lat' dir='ltr'><strong>honorem</strong></span> <span class='ocrx_word' id='word_1_24' title='bbox 999 701 1074 749; x_wconf 92' lang='lat' dir='ltr'>cure</span> <span class='ocrx_word' id='word_1_25' title='bbox 1086 681 1248 750; x_wconf 86' lang='lat' dir='ltr'>hebentes</span> <span class='ocrx_word' id='word_1_26' title='bbox 1265 683 1336 750; x_wconf 88' lang='lat' dir='ltr'>sine</span> <span class='ocrx_word' id='word_1_27' title='bbox 1354 703 1454 752; x_wconf 91' lang='lat' dir='ltr'>onere</span> <span class='ocrx_word' id='word_1_28' title='bbox 1564 687 1565 708; x_wconf 67' lang='lat'>¹</span> 
     </span>
    </p>
   </div>
   <div class='ocr_carea' id='block_1_6' title="bbox 332 790 1454 878">
    <p class='ocr_par' dir='ltr' id='par_1_6' title="bbox 332 790 1454 878">
     <span class='ocr_line' id='line_1_6' title="bbox 332 790 1454 878; baseline 0.002 -21"><span class='ocrx_word' id='word_1_29' title='bbox 332 798 365 857; x_wconf 88' lang='lat' dir='ltr'>ct</span> <span class='ocrx_word' id='word_1_30' title='bbox 381 792 454 858; x_wconf 89' lang='lat' dir='ltr'>sine</span> <span class='ocrx_word' id='word_1_31' title='bbox 471 790 668 858; x_wconf 76' lang='lat' dir='ltr'>discriminis</span> <span class='ocrx_word' id='word_1_32' title='bbox 683 791 807 878; x_wconf 92' lang='lat' dir='ltr'>proprii</span> <span class='ocrx_word' id='word_1_33' title='bbox 823 793 978 878; x_wconf 90' lang='lat' dir='ltr'>periculo,</span> <span class='ocrx_word' id='word_1_34' title='bbox 988 797 1207 874; x_wconf 73' lang='lat' dir='ltr'><strong>agnoscentes</strong></span> <span class='ocrx_word' id='word_1_35' title='bbox 1217 791 1356 860; x_wconf 91' lang='lat' dir='ltr'>crimina</span> <span class='ocrx_word' id='word_1_36' title='bbox 1371 794 1454 860; x_wconf 85' lang='lat' dir='ltr'>ulio·</span> 
     </span>
    </p>
   </div>
   <div class='ocr_carea' id='block_1_7' title="bbox 331 898 1565 986">
    <p class='ocr_par' dir='ltr' id='par_1_7' title="bbox 331 898 1565 986">
     <span class='ocr_line' id='line_1_7' title="bbox 331 898 1565 986; baseline 0.002 -19"><span class='ocrx_word' id='word_1_37' title='bbox 331 919 413 967; x_wconf 90' lang='lat' dir='ltr'>rum.</span> <span class='ocrx_word' id='word_1_38' title='bbox 429 901 511 966; x_wconf 89' lang='lat' dir='ltr'>Item</span> <span class='ocrx_word' id='word_1_39' title='bbox 526 902 708 967; x_wconf 81' lang='lat' dir='ltr'>auctoritas</span> <span class='ocrx_word' id='word_1_40' title='bbox 731 919 841 968; x_wconf 90' lang='lat' dir='ltr'>eorum</span> <span class='ocrx_word' id='word_1_41' title='bbox 868 901 903 967; x_wconf 94' lang='lat' dir='ltr'>in</span> <span class='ocrx_word' id='word_1_42' title='bbox 919 898 1182 970; x_wconf 86' lang='lat' dir='ltr'>confessionibus</span> <span class='ocrx_word' id='word_1_43' title='bbox 1198 901 1373 969; x_wconf 89' lang='lat' dir='ltr'>audiendis</span> <span class='ocrx_word' id='word_1_44' title='bbox 1391 922 1453 986; x_wconf 88' lang='lat' dir='ltr'>pe·</span> <span class='ocrx_word' id='word_1_45' title='bbox 1564 967 1565 970; x_wconf 74' lang='grc'>,</span> 
     </span>
    </p>
   </div>
   <div class='ocr_carea' id='block_1_8' title="bbox 330 1007 1456 1094">
    <p class='ocr_par' dir='ltr' id='par_1_8' title="bbox 330 1007 1456 1094">
     <span class='ocr_line' id='line_1_8' title="bbox 330 1007 1456 1094; baseline 0.001 -19"><span class='ocrx_word' id='word_1_46' title='bbox 330 1008 588 1076; x_wconf 90' lang='lat' dir='ltr'>nitentiariorum</span> <span class='ocrx_word' id='word_1_47' title='bbox 614 1013 795 1075; x_wconf 87' lang='lat' dir='ltr'>vestrorum</span> <span class='ocrx_word' id='word_1_48' title='bbox 821 1008 951 1076; x_wconf 88' lang='lat' dir='ltr'>videtur</span> <span class='ocrx_word' id='word_1_49' title='bbox 982 1007 1142 1076; x_wconf 75' lang='lat' dir='ltr'>excedere</span> <span class='ocrx_word' id='word_1_50' title='bbox 1166 1016 1375 1094; x_wconf 85' lang='lat' dir='ltr'>potestatem.</span> <span class='ocrx_word' id='word_1_51' title='bbox 1400 1011 1456 1077; x_wconf 93' lang='lat' dir='ltr'>Illi</span> 
     </span>
    </p>
   </div>
   <div class='ocr_carea' id='block_1_9' title="bbox 330 1109 1565 1311">
    <p class='ocr_par' dir='ltr' id='par_1_9' title="bbox 330 1109 1565 1311">
     <span class='ocr_line' id='line_1_9' title="bbox 330 1109 1565 1204; baseline -0.002 -18"><span class='ocrx_word' id='word_1_52' title='bbox 330 1118 416 1186; x_wconf 92' lang='lat' dir='ltr'>enim</span> <span class='ocrx_word' id='word_1_53' title='bbox 432 1118 598 1186; x_wconf 88' lang='lat' dir='ltr'>remittunt</span> <span class='ocrx_word' id='word_1_54' title='bbox 615 1116 661 1183; x_wconf 84' lang='lat' dir='ltr'>ad</span> <span class='ocrx_word' id='word_1_55' title='bbox 675 1137 737 1184; x_wconf 94' lang='lat' dir='ltr'>nos</span> <span class='ocrx_word' id='word_1_56' title='bbox 753 1117 923 1186; x_wconf 89' lang='lat' dir='ltr'>absolutos</span> <span class='ocrx_word' id='word_1_57' title='bbox 949 1137 1009 1202; x_wconf 91' lang='lat' dir='ltr'>pro</span> <span class='ocrx_word' id='word_1_58' title='bbox 1024 1118 1206 1204; x_wconf 89' lang='lat' dir='ltr'>penitentia</span> <span class='ocrx_word' id='word_1_59' title='bbox 1221 1117 1424 1201; x_wconf 82' lang='lat' dir='ltr'>iniungenda</span> <span class='ocrx_word' id='word_1_60' title='bbox 1442 1145 1450 1184; x_wconf 86' lang='lat'>:</span> <span class='ocrx_word' id='word_1_61' title='bbox 1564 1109 1565 1118; x_wconf 61' lang='lat'><em>&#39;</em></span> 
     </span>
     <span class='ocr_line' id='line_1_10' title="bbox 330 1224 1565 1311; baseline 0.001 -18"><span class='ocrx_word' id='word_1_62' title='bbox 330 1227 384 1294; x_wconf 81' lang='lat' dir='ltr'>isti</span> <span class='ocrx_word' id='word_1_63' title='bbox 399 1245 480 1294; x_wconf 84' lang='lat' dir='ltr'>uero</span> <span class='ocrx_word' id='word_1_64' title='bbox 496 1226 674 1294; x_wconf 88' lang='lat' dir='ltr'>absolvunt</span> <span class='ocrx_word' id='word_1_65' title='bbox 698 1231 732 1292; x_wconf 92' lang='lat' dir='ltr'>et</span> <span class='ocrx_word' id='word_1_66' title='bbox 755 1224 930 1311; x_wconf 81' lang='lat' dir='ltr'>iniungunt</span> <span class='ocrx_word' id='word_1_67' title='bbox 955 1225 1154 1311; x_wconf 90' lang='lat' dir='ltr'>penitentias</span> <span class='ocrx_word' id='word_1_68' title='bbox 1180 1226 1252 1293; x_wconf 90' lang='lat' dir='ltr'>sine</span> <span class='ocrx_word' id='word_1_69' title='bbox 1267 1225 1373 1294; x_wconf 91' lang='lat' dir='ltr'>nobis.</span> <span class='ocrx_word' id='word_1_70' title='bbox 1390 1228 1451 1294; x_wconf 89' lang='lat' dir='ltr'>Le·</span> <span class='ocrx_word' id='word_1_71' title='bbox 1564 1279 1565 1286; x_wconf 13' lang='grc' dir='ltr'><strong>κ</strong></span> 
     </span>
    </p>
   </div>
   <div class='ocr_carea' id='block_1_10' title="bbox 328 1333 1453 1419">
    <p class='ocr_par' dir='ltr' id='par_1_10' title="bbox 328 1333 1453 1419">
     <span class='ocr_line' id='line_1_11' title="bbox 328 1333 1453 1419; baseline 0.003 -18"><span class='ocrx_word' id='word_1_72' title='bbox 328 1337 399 1418; x_wconf 79' lang='lat' dir='ltr'>goti</span> <span class='ocrx_word' id='word_1_73' title='bbox 414 1356 435 1401; x_wconf 87' lang='lat' dir='ltr'>a</span> <span class='ocrx_word' id='word_1_74' title='bbox 450 1335 554 1403; x_wconf 89' lang='lat' dir='ltr'>latere</span> <span class='ocrx_word' id='word_1_75' title='bbox 580 1341 688 1402; x_wconf 84' lang='lat' dir='ltr'>uestro</span> <span class='ocrx_word' id='word_1_76' title='bbox 714 1333 807 1402; x_wconf 90' lang='lat' dir='ltr'>missi</span> <span class='ocrx_word' id='word_1_77' title='bbox 832 1333 1010 1419; x_wconf 82' lang='lat' dir='ltr'>legationis</span> <span class='ocrx_word' id='word_1_78' title='bbox 1035 1352 1093 1400; x_wconf 88' lang='lat' dir='ltr'>sne</span> <span class='ocrx_word' id='word_1_79' title='bbox 1110 1333 1266 1400; x_wconf 90' lang='lat' dir='ltr'>terminos</span> <span class='ocrx_word' id='word_1_80' title='bbox 1282 1342 1453 1404; x_wconf 80' lang='lat' dir='ltr'>exeuntes.</span> 
     </span>
    </p>
   </div>
   <div class='ocr_carea' id='block_1_11' title="bbox 328 1439 1565 1638">
    <p class='ocr_par' dir='ltr' id='par_1_11' title="bbox 328 1439 1565 1638">
     <span class='ocr_line' id='line_1_12' title="bbox 328 1439 1565 1529; baseline 0.002 -17"><span class='ocrx_word' id='word_1_81' title='bbox 328 1443 582 1529; x_wconf 84' lang='lat' dir='ltr'>Archiepiscopi</span> <span class='ocrx_word' id='word_1_82' title='bbox 598 1449 630 1508; x_wconf 89' lang='lat' dir='ltr'>et</span> <span class='ocrx_word' id='word_1_83' title='bbox 647 1440 803 1526; x_wconf 78' lang='lat' dir='ltr'>Episcopi</span> <span class='ocrx_word' id='word_1_84' title='bbox 818 1450 912 1508; x_wconf 84' lang='lat' dir='ltr'>extra</span> <span class='ocrx_word' id='word_1_85' title='bbox 928 1460 1006 1508; x_wconf 88' lang='lat' dir='ltr'>suus</span> <span class='ocrx_word' id='word_1_86' title='bbox 1017 1439 1177 1510; x_wconf 88' lang='lat' dir='ltr'>Diocescs</span> <span class='ocrx_word' id='word_1_87' title='bbox 1193 1441 1234 1508; x_wconf 93' lang='lat' dir='ltr'>de</span> <span class='ocrx_word' id='word_1_88' title='bbox 1251 1443 1453 1512; x_wconf 81' lang='lat' dir='ltr'>absolvendo</span> <span class='ocrx_word' id='word_1_89' title='bbox 1564 1457 1565 1514; x_wconf 85' lang='lat' dir='ltr'>l</span> 
     </span>
     <span class='ocr_line' id='line_1_13' title="bbox 329 1547 1565 1638; baseline 0.002 -20"><span class='ocrx_word' id='word_1_90' title='bbox 329 1559 362 1620; x_wconf 92' lang='lat' dir='ltr'>et</span> <span class='ocrx_word' id='word_1_91' title='bbox 377 1549 514 1638; x_wconf 85' lang='lat' dir='ltr'>ligando</span> <span class='ocrx_word' id='word_1_92' title='bbox 531 1549 748 1618; x_wconf 78' lang='lat' dir='ltr'>intromittere</span> <span class='ocrx_word' id='word_1_93' title='bbox 764 1568 801 1616; x_wconf 85' lang='lat' dir='ltr'>se</span> <span class='ocrx_word' id='word_1_94' title='bbox 816 1569 880 1616; x_wconf 95' lang='lat' dir='ltr'>non</span> <span class='ocrx_word' id='word_1_95' title='bbox 897 1555 1054 1636; x_wconf 87' lang='lat' dir='ltr'>possunt:</span> <span class='ocrx_word' id='word_1_96' title='bbox 1072 1547 1191 1616; x_wconf 84' lang='lat' dir='ltr'>iratres</span> <span class='ocrx_word' id='word_1_97' title='bbox 1207 1570 1285 1619; x_wconf 85' lang='lat' dir='ltr'>vero</span> <span class='ocrx_word' id='word_1_98' title='bbox 1301 1553 1346 1618; x_wconf 87' lang='lat' dir='ltr'>ad</span> <span class='ocrx_word' id='word_1_99' title='bbox 1356 1573 1450 1638; x_wconf 84' lang='lat' dir='ltr'>quas·</span> <span class='ocrx_word' id='word_1_100' title='bbox 1564 1553 1565 1560; x_wconf 76' lang='grc'>’</span> 
     </span>
    </p>
   </div>
   <div class='ocr_carea' id='block_1_12' title="bbox 328 1656 1565 1750">
    <p class='ocr_par' dir='ltr' id='par_1_12' title="bbox 328 1656 1565 1750">
     <span class='ocr_line' id='line_1_14' title="bbox 328 1656 1565 1750; baseline -0.001 -21"><span class='ocrx_word' id='word_1_101' title='bbox 328 1680 469 1745; x_wconf 88' lang='lat' dir='ltr'>cumque</span> <span class='ocrx_word' id='word_1_102' title='bbox 484 1665 588 1728; x_wconf 88' lang='lat' dir='ltr'>terras</span> <span class='ocrx_word' id='word_1_103' title='bbox 604 1657 758 1740; x_wconf 88' lang='lat' dir='ltr'>veniunt,</span> <span class='ocrx_word' id='word_1_104' title='bbox 784 1656 959 1741; x_wconf 78' lang='lat' dir='ltr'>iniungant</span> <span class='ocrx_word' id='word_1_105' title='bbox 984 1659 1183 1744; x_wconf 78' lang='lat' dir='ltr'>penitentias</span> <span class='ocrx_word' id='word_1_106' title='bbox 1208 1667 1241 1726; x_wconf 89' lang='lat' dir='ltr'>et</span> <span class='ocrx_word' id='word_1_107' title='bbox 1265 1663 1453 1750; x_wconf 82' lang='lat' dir='ltr'>absolvunt,</span> <span class='ocrx_word' id='word_1_108' title='bbox 1564 1705 1565 1746; x_wconf 49' lang='lat'>4</span> 
     </span>
    </p>
   </div>
   <div class='ocr_carea' id='block_1_13' title="bbox 327 1873 1451 1964">
    <p class='ocr_par' dir='ltr' id='par_1_13' title="bbox 327 1873 1451 1964">
     <span class='ocr_line' id='line_1_15' title="bbox 327 1873 1451 1964; baseline 0 -17"><span class='ocrx_word' id='word_1_109' title='bbox 327 1881 405 1964; x_wconf 85' lang='lat' dir='ltr'>rias,</span> <span class='ocrx_word' id='word_1_110' title='bbox 423 1884 456 1945; x_wconf 90' lang='lat' dir='ltr'>et</span> <span class='ocrx_word' id='word_1_111' title='bbox 471 1877 576 1945; x_wconf 91' lang='lat' dir='ltr'>eciam</span> <span class='ocrx_word' id='word_1_112' title='bbox 591 1875 774 1961; x_wconf 84' lang='lat' dir='ltr'>delegatas.</span> <span class='ocrx_word' id='word_1_113' title='bbox 792 1875 828 1940; x_wconf 94' lang='lat' dir='ltr'>ln</span> <span class='ocrx_word' id='word_1_114' title='bbox 854 1873 917 1940; x_wconf 90' lang='lat' dir='ltr'>hiis</span> <span class='ocrx_word' id='word_1_115' title='bbox 934 1873 1084 1942; x_wconf 90' lang='lat' dir='ltr'>omnibus</span> <span class='ocrx_word' id='word_1_116' title='bbox 1102 1874 1274 1942; x_wconf 88' lang='lat' dir='ltr'>consilium</span> <span class='ocrx_word' id='word_1_117' title='bbox 1290 1879 1378 1946; x_wconf 86' lang='lat' dir='ltr'>vires</span> <span class='ocrx_word' id='word_1_118' title='bbox 1394 1901 1451 1947; x_wconf 92' lang='lat' dir='ltr'>no·</span> 
     </span>
    </p>
   </div>
   <div class='ocr_carea' id='block_1_14' title="bbox 329 1967 1565 2408">
    <p class='ocr_par' dir='ltr' id='par_1_14' title="bbox 329 1967 1565 2408">
     <span class='ocr_line' id='line_1_16' title="bbox 329 1967 1565 2070; baseline -0.001 -14"><span class='ocrx_word' id='word_1_119' title='bbox 329 1999 414 2056; x_wconf 78' lang='lat' dir='ltr'>sires</span> <span class='ocrx_word' id='word_1_120' title='bbox 432 1985 580 2054; x_wconf 78' lang='lat' dir='ltr'>excedit:</span> <span class='ocrx_word' id='word_1_121' title='bbox 598 1983 657 2052; x_wconf 89' lang='lat' dir='ltr'>sed</span> <span class='ocrx_word' id='word_1_122' title='bbox 673 1991 817 2052; x_wconf 86' lang='lat' dir='ltr'>vestrum</span> <span class='ocrx_word' id='word_1_123' title='bbox 827 1989 879 2048; x_wconf 87' lang='lat' dir='ltr'>ert</span> <span class='ocrx_word' id='word_1_124' title='bbox 894 1982 1008 2068; x_wconf 91' lang='lat' dir='ltr'>pocius</span> <span class='ocrx_word' id='word_1_125' title='bbox 1025 1983 1211 2070; x_wconf 84' lang='lat' dir='ltr'>prouidere,</span> <span class='ocrx_word' id='word_1_126' title='bbox 1227 1989 1314 2070; x_wconf 90' lang='lat' dir='ltr'>quod</span> <span class='ocrx_word' id='word_1_127' title='bbox 1331 1997 1365 2054; x_wconf 93' lang='lat' dir='ltr'>et</span> <span class='ocrx_word' id='word_1_128' title='bbox 1375 1990 1450 2057; x_wconf 90' lang='lat' dir='ltr'>Pre·</span> <span class='ocrx_word' id='word_1_129' title='bbox 1564 1967 1565 2004; x_wconf 57' lang='lat'><em>³</em></span> 
     </span>
     <span class='ocr_line' id='line_1_17' title="bbox 329 2093 1565 2184; baseline -0.002 -17"><span class='ocrx_word' id='word_1_130' title='bbox 329 2101 468 2167; x_wconf 83' lang='lat' dir='ltr'>latorum</span> <span class='ocrx_word' id='word_1_131' title='bbox 484 2105 517 2163; x_wconf 87' lang='lat' dir='ltr'>et</span> <span class='ocrx_word' id='word_1_132' title='bbox 533 2093 621 2162; x_wconf 76' lang='lat' dir='ltr'>Cleri</span> <span class='ocrx_word' id='word_1_133' title='bbox 636 2093 815 2160; x_wconf 85' lang='lat' dir='ltr'>auctoritas</span> <span class='ocrx_word' id='word_1_134' title='bbox 832 2098 1057 2176; x_wconf 85' lang='lat' dir='ltr'>conservetur,</span> <span class='ocrx_word' id='word_1_135' title='bbox 1084 2098 1118 2158; x_wconf 91' lang='lat' dir='ltr'>et</span> <span class='ocrx_word' id='word_1_136' title='bbox 1139 2093 1369 2164; x_wconf 75' lang='lat' dir='ltr'>nichilominus</span> <span class='ocrx_word' id='word_1_137' title='bbox 1385 2099 1451 2166; x_wconf 88' lang='lat' dir='ltr'>iam</span> <span class='ocrx_word' id='word_1_138' title='bbox 1564 2159 1565 2184; x_wconf 57' lang='lat'>,</span> 
     </span>
     <span class='ocr_line' id='line_1_18' title="bbox 329 2189 1565 2291; baseline -0.006 -15"><span class='ocrx_word' id='word_1_139' title='bbox 329 2213 518 2276; x_wconf 87' lang='lat' dir='ltr'>sanctorum</span> <span class='ocrx_word' id='word_1_140' title='bbox 543 2201 691 2272; x_wconf 86' lang='lat' dir='ltr'>ordinum</span> <span class='ocrx_word' id='word_1_141' title='bbox 708 2199 878 2267; x_wconf 92' lang='lat' dir='ltr'>multitudo</span> <span class='ocrx_word' id='word_1_142' title='bbox 893 2200 1038 2266; x_wconf 84' lang='lat' dir='ltr'>maxima</span> <span class='ocrx_word' id='word_1_143' title='bbox 1054 2203 1165 2268; x_wconf 86' lang='lat' dir='ltr'>valeat</span> <span class='ocrx_word' id='word_1_144' title='bbox 1179 2206 1369 2291; x_wconf 86' lang='lat' dir='ltr'>sustentari,</span> <span class='ocrx_word' id='word_1_145' title='bbox 1387 2225 1452 2272; x_wconf 89' lang='lat' dir='ltr'>me·</span> <span class='ocrx_word' id='word_1_146' title='bbox 1564 2189 1565 2216; x_wconf 63' lang='lat'><em>³</em></span> 
     </span>
     <span class='ocr_line' id='line_1_19' title="bbox 329 2309 1565 2408; baseline -0.004 -26"><span class='ocrx_word' id='word_1_147' title='bbox 329 2317 418 2383; x_wconf 89' lang='lat' dir='ltr'>diam</span> <span class='ocrx_word' id='word_1_148' title='bbox 434 2315 521 2383; x_wconf 90' lang='lat' dir='ltr'>forte</span> <span class='ocrx_word' id='word_1_149' title='bbox 536 2313 624 2380; x_wconf 74' lang='lat' dir='ltr'>maur</span> <span class='ocrx_word' id='word_1_150' title='bbox 640 2310 782 2379; x_wconf 92' lang='lat' dir='ltr'>tenendo</span> <span class='ocrx_word' id='word_1_151' title='bbox 798 2309 884 2375; x_wconf 88' lang='lat' dir='ltr'>inter</span> <span class='ocrx_word' id='word_1_152' title='bbox 901 2309 1066 2377; x_wconf 91' lang='lat' dir='ltr'>dominum</span> <span class='ocrx_word' id='word_1_153' title='bbox 1084 2310 1311 2378; x_wconf 88' lang='lat' dir='ltr'>Innocentium</span> <span class='ocrx_word' id='word_1_154' title='bbox 1327 2333 1450 2400; x_wconf 82' lang='lat' dir='ltr'>papam</span> <span class='ocrx_word' id='word_1_155' title='bbox 1564 2403 1565 2408; x_wconf 6' lang='grc' dir='ltr'><strong>Ἰ</strong></span> 
     </span>
    </p>
   </div>
   <div class='ocr_carea' id='block_1_15' title="bbox 327 2419 1452 2946">
    <p class='ocr_par' dir='ltr' id='par_1_15' title="bbox 330 2419 1452 2600">
     <span class='ocr_line' id='line_1_20' title="bbox 330 2419 1452 2510; baseline -0.001 -18"><span class='ocrx_word' id='word_1_156' title='bbox 330 2424 406 2492; x_wconf 91' lang='lat'><em>1111.</em></span> <span class='ocrx_word' id='word_1_157' title='bbox 432 2429 465 2490; x_wconf 89' lang='lat' dir='ltr'>et</span> <span class='ocrx_word' id='word_1_158' title='bbox 489 2421 548 2489; x_wconf 89' lang='lat'><em>111.</em></span> <span class='ocrx_word' id='word_1_159' title='bbox 573 2419 818 2503; x_wconf 81' lang='lat' dir='ltr'>Alexandrum,</span> <span class='ocrx_word' id='word_1_160' title='bbox 836 2436 971 2502; x_wconf 90' lang='lat' dir='ltr'>quornm</span> <span class='ocrx_word' id='word_1_161' title='bbox 989 2436 1075 2484; x_wconf 91' lang='lat' dir='ltr'>unus</span> <span class='ocrx_word' id='word_1_162' title='bbox 1090 2437 1149 2504; x_wconf 89' lang='lat' dir='ltr'>pro</span> <span class='ocrx_word' id='word_1_163' title='bbox 1166 2419 1273 2502; x_wconf 91' lang='lat' dir='ltr'>clero,</span> <span class='ocrx_word' id='word_1_164' title='bbox 1290 2423 1376 2488; x_wconf 86' lang='lat' dir='ltr'>alter</span> <span class='ocrx_word' id='word_1_165' title='bbox 1393 2445 1452 2510; x_wconf 88' lang='lat' dir='ltr'>pro</span> 
     </span>
     <span class='ocr_line' id='line_1_21' title="bbox 330 2524 1225 2600; baseline -0.006 -1"><span class='ocrx_word' id='word_1_166' title='bbox 330 2531 488 2600; x_wconf 85' lang='lat' dir='ltr'>iratribus</span> <span class='ocrx_word' id='word_1_167' title='bbox 505 2547 586 2596; x_wconf 91' lang='lat' dir='ltr'>suas</span> <span class='ocrx_word' id='word_1_168' title='bbox 603 2527 854 2596; x_wconf 87' lang='lat' dir='ltr'>constitutiones</span> <span class='ocrx_word' id='word_1_169' title='bbox 871 2524 1054 2593; x_wconf 87' lang='lat' dir='ltr'>dinoscitur</span> <span class='ocrx_word' id='word_1_170' title='bbox 1070 2526 1225 2595; x_wconf 85' lang='lat' dir='ltr'>edidisse.</span> 
     </span>
    </p>

    <p class='ocr_par' dir='ltr' id='par_1_16' title="bbox 327 2634 1450 2946">
     <span class='ocr_line' id='line_1_22' title="bbox 433 2634 1450 2719; baseline 0.002 -14"><span class='ocrx_word' id='word_1_171' title='bbox 433 2637 595 2718; x_wconf 79' lang='lat' dir='ltr'>Quoniam</span> <span class='ocrx_word' id='word_1_172' title='bbox 611 2641 720 2704; x_wconf 88' lang='lat' dir='ltr'>autem</span> <span class='ocrx_word' id='word_1_173' title='bbox 737 2634 926 2703; x_wconf 83' lang='lat' dir='ltr'>iniunxistis</span> <span class='ocrx_word' id='word_1_174' title='bbox 954 2635 1069 2718; x_wconf 91' lang='lat' dir='ltr'>nobis,</span> <span class='ocrx_word' id='word_1_175' title='bbox 1085 2635 1211 2719; x_wconf 87' lang='lat' dir='ltr'>aliquid</span> <span class='ocrx_word' id='word_1_176' title='bbox 1238 2636 1369 2706; x_wconf 90' lang='lat' dir='ltr'>consilii</span> <span class='ocrx_word' id='word_1_177' title='bbox 1394 2661 1450 2707; x_wconf 92' lang='lat' dir='ltr'>no·</span> 
     </span>
     <span class='ocr_line' id='line_1_23' title="bbox 328 2745 1447 2833; baseline -0.004 -14"><span class='ocrx_word' id='word_1_178' title='bbox 328 2751 388 2819; x_wconf 89' lang='lat' dir='ltr'>etri</span> <span class='ocrx_word' id='word_1_179' title='bbox 412 2751 444 2816; x_wconf 90' lang='lat' dir='ltr'>in</span> <span class='ocrx_word' id='word_1_180' title='bbox 460 2767 551 2815; x_wconf 88' lang='lat' dir='ltr'>mare</span> <span class='ocrx_word' id='word_1_181' title='bbox 570 2765 734 2832; x_wconf 65' lang='lat' dir='ltr'>magnum,</span> <span class='ocrx_word' id='word_1_182' title='bbox 752 2745 959 2812; x_wconf 87' lang='lat' dir='ltr'>discretionis</span> <span class='ocrx_word' id='word_1_183' title='bbox 978 2753 1086 2814; x_wconf 88' lang='lat' dir='ltr'>vestre</span> <span class='ocrx_word' id='word_1_184' title='bbox 1111 2747 1328 2833; x_wconf 84' lang='lat' dir='ltr'>presumimus</span> <span class='ocrx_word' id='word_1_185' title='bbox 1344 2750 1447 2818; x_wconf 88' lang='lat' dir='ltr'>instil-</span> 
     </span>
     <span class='ocr_line' id='line_1_24' title="bbox 327 2852 1446 2946; baseline 0 -18"><span class='ocrx_word' id='word_1_186' title='bbox 327 2861 406 2946; x_wconf 80' lang='lat' dir='ltr'>lare,</span> <span class='ocrx_word' id='word_1_187' title='bbox 422 2857 580 2926; x_wconf 81' lang='lat' dir='ltr'>videlicet</span> <span class='ocrx_word' id='word_1_188' title='bbox 599 2853 686 2939; x_wconf 90' lang='lat' dir='ltr'>quod</span> <span class='ocrx_word' id='word_1_189' title='bbox 709 2874 731 2920; x_wconf 86' lang='lat' dir='ltr'>a</span> <span class='ocrx_word' id='word_1_190' title='bbox 755 2854 1012 2924; x_wconf 79' lang='lat' dir='ltr'>confessionibus</span> <span class='ocrx_word' id='word_1_191' title='bbox 1038 2852 1210 2924; x_wconf 86' lang='lat' dir='ltr'>audiendis</span> <span class='ocrx_word' id='word_1_192' title='bbox 1235 2857 1344 2942; x_wconf 88' lang='lat' dir='ltr'>quoad</span> <span class='ocrx_word' id='word_1_193' title='bbox 1370 2880 1446 2928; x_wconf 91' lang='lat' dir='ltr'>con·</span> 
     </span>
    </p>
   </div>
   <div class='ocr_carea' id='block_1_16' title="bbox 327 2963 1565 3050">
    <p class='ocr_par' dir='ltr' id='par_1_17' title="bbox 327 2963 1565 3050">
     <span class='ocr_line' id='line_1_25' title="bbox 327 2963 1565 3050; baseline -0.006 -13"><span class='ocrx_word' id='word_1_194' title='bbox 327 2967 499 3038; x_wconf 90' lang='lat' dir='ltr'>sulendum</span> <span class='ocrx_word' id='word_1_195' title='bbox 513 2985 578 3034; x_wconf 94' lang='lat' dir='ltr'>non</span> <span class='ocrx_word' id='word_1_196' title='bbox 594 2971 769 3032; x_wconf 79' lang='lat' dir='ltr'>arceantur</span> <span class='ocrx_word' id='word_1_197' title='bbox 793 2965 931 3048; x_wconf 87' lang='lat' dir='ltr'>iratres,</span> <span class='ocrx_word' id='word_1_198' title='bbox 957 2965 1018 3033; x_wconf 87' lang='lat' dir='ltr'>sed</span> <span class='ocrx_word' id='word_1_199' title='bbox 1045 2984 1104 3050; x_wconf 91' lang='lat' dir='ltr'>pro</span> <span class='ocrx_word' id='word_1_200' title='bbox 1130 2965 1392 3036; x_wconf 88' lang='lat' dir='ltr'>absolutionibus</span> <span class='ocrx_word' id='word_1_201' title='bbox 1418 2978 1453 3037; x_wconf 90' lang='lat' dir='ltr'>et</span> <span class='ocrx_word' id='word_1_202' title='bbox 1564 2963 1565 2994; x_wconf 78' lang='lat'>³</span> 
     </span>
    </p>
   </div>
   <div class='ocr_carea' id='block_1_17' title="bbox 326 3072 1450 3274">
    <p class='ocr_par' dir='ltr' id='par_1_18' title="bbox 326 3072 1450 3274">
     <span class='ocr_line' id='line_1_26' title="bbox 327 3072 1449 3166; baseline 0.002 -20"><span class='ocrx_word' id='word_1_203' title='bbox 327 3078 516 3166; x_wconf 78' lang='lat' dir='ltr'>penitentiis</span> <span class='ocrx_word' id='word_1_204' title='bbox 541 3072 751 3160; x_wconf 81' lang='lat' dir='ltr'>iniungendis</span> <span class='ocrx_word' id='word_1_205' title='bbox 768 3075 935 3142; x_wconf 82' lang='lat' dir='ltr'>remittant</span> <span class='ocrx_word' id='word_1_206' title='bbox 951 3075 1180 3142; x_wconf 87' lang='lat' dir='ltr'>nichilominus</span> <span class='ocrx_word' id='word_1_207' title='bbox 1196 3077 1387 3148; x_wconf 84' lang='lat' dir='ltr'>confitentes</span> <span class='ocrx_word' id='word_1_208' title='bbox 1404 3082 1449 3149; x_wconf 90' lang='lat' dir='ltr'>ad</span> 
     </span>
     <span class='ocr_line' id='line_1_27' title="bbox 326 3183 1450 3274; baseline 0.001 -20"><span class='ocrx_word' id='word_1_209' title='bbox 326 3187 490 3274; x_wconf 79' lang='lat' dir='ltr'>legitimos</span> <span class='ocrx_word' id='word_1_210' title='bbox 500 3183 699 3253; x_wconf 85' lang='lat' dir='ltr'>sacerdotes.</span> <span class='ocrx_word' id='word_1_211' title='bbox 711 3183 753 3250; x_wconf 79' lang='lat' dir='ltr'>Et</span> <span class='ocrx_word' id='word_1_212' title='bbox 764 3184 914 3268; x_wconf 83' lang='lat' dir='ltr'>quamuis</span> <span class='ocrx_word' id='word_1_213' title='bbox 925 3183 1043 3251; x_wconf 85' lang='lat' dir='ltr'>iratres</span> <span class='ocrx_word' id='word_1_214' title='bbox 1054 3185 1140 3252; x_wconf 86' lang='lat' dir='ltr'>alias</span> <span class='ocrx_word' id='word_1_215' title='bbox 1151 3193 1228 3254; x_wconf 90' lang='lat' dir='ltr'>sunt</span> <span class='ocrx_word' id='word_1_216' title='bbox 1237 3189 1390 3274; x_wconf 86' lang='lat' dir='ltr'>exempti,</span> <span class='ocrx_word' id='word_1_217' title='bbox 1401 3197 1450 3255; x_wconf 84' lang='lat' dir='ltr'>ta·</span> 
     </span>
    </p>
   </div>
   <div class='ocr_carea' id='block_1_18' title="bbox 327 3291 1565 3392">
    <p class='ocr_par' dir='ltr' id='par_1_19' title="bbox 327 3291 1565 3392">
     <span class='ocr_line' id='line_1_28' title="bbox 327 3291 1565 3392; baseline 0.001 -29"><span class='ocrx_word' id='word_1_218' title='bbox 327 3316 401 3363; x_wconf 90' lang='lat' dir='ltr'>men</span> <span class='ocrx_word' id='word_1_219' title='bbox 425 3293 534 3379; x_wconf 88' lang='lat' dir='ltr'>quoad</span> <span class='ocrx_word' id='word_1_220' title='bbox 559 3291 784 3361; x_wconf 81' lang='lat' dir='ltr'>consessiones</span> <span class='ocrx_word' id='word_1_221' title='bbox 809 3293 1027 3376; x_wconf 89' lang='lat' dir='ltr'>audiendum,</span> <span class='ocrx_word' id='word_1_222' title='bbox 1044 3300 1077 3358; x_wconf 92' lang='lat' dir='ltr'>ct</span> <span class='ocrx_word' id='word_1_223' title='bbox 1093 3294 1192 3361; x_wconf 89' lang='lat' dir='ltr'>etiam</span> <span class='ocrx_word' id='word_1_224' title='bbox 1209 3295 1449 3380; x_wconf 83' lang='lat' dir='ltr'>predicandum</span> <span class='ocrx_word' id='word_1_225' title='bbox 1564 3375 1565 3392; x_wconf 26' lang='lat'>2</span> 
     </span>
    </p>
   </div>
   <div class='ocr_carea' id='block_1_19' title="bbox 323 3402 1531 4474">
    <p class='ocr_par' dir='ltr' id='par_1_20' title="bbox 323 3402 1451 3928">
     <span class='ocr_line' id='line_1_29' title="bbox 326 3402 1450 3492; baseline 0.001 -19"><span class='ocrx_word' id='word_1_226' title='bbox 326 3405 488 3492; x_wconf 83' lang='lat' dir='ltr'>eligantur</span> <span class='ocrx_word' id='word_1_227' title='bbox 502 3405 545 3471; x_wconf 91' lang='lat' dir='ltr'>ab</span> <span class='ocrx_word' id='word_1_228' title='bbox 562 3402 736 3489; x_wconf 84' lang='lat' dir='ltr'>Episcopis</span> <span class='ocrx_word' id='word_1_229' title='bbox 752 3408 899 3486; x_wconf 84' lang='lat' dir='ltr'>tantum,</span> <span class='ocrx_word' id='word_1_230' title='bbox 926 3403 983 3486; x_wconf 89' lang='lat' dir='ltr'>qui</span> <span class='ocrx_word' id='word_1_231' title='bbox 1007 3402 1053 3468; x_wconf 88' lang='lat' dir='ltr'>ad</span> <span class='ocrx_word' id='word_1_232' title='bbox 1078 3403 1141 3470; x_wconf 92' lang='lat' dir='ltr'>hoc</span> <span class='ocrx_word' id='word_1_233' title='bbox 1157 3404 1199 3470; x_wconf 89' lang='lat' dir='ltr'>ab</span> <span class='ocrx_word' id='word_1_234' title='bbox 1216 3405 1300 3490; x_wconf 89' lang='lat' dir='ltr'>ipsis</span> <span class='ocrx_word' id='word_1_235' title='bbox 1317 3405 1450 3474; x_wconf 87' lang='lat' dir='ltr'>habiles</span> 
     </span>
     <span class='ocr_line' id='line_1_30' title="bbox 330 3511 1449 3602; baseline 0 -19"><span class='ocrx_word' id='word_1_236' title='bbox 330 3523 364 3583; x_wconf 92' lang='lat' dir='ltr'>et</span> <span class='ocrx_word' id='word_1_237' title='bbox 386 3514 510 3602; x_wconf 87' lang='lat' dir='ltr'>ydonei</span> <span class='ocrx_word' id='word_1_238' title='bbox 535 3513 727 3595; x_wconf 88' lang='lat' dir='ltr'>iudicentur,</span> <span class='ocrx_word' id='word_1_239' title='bbox 754 3511 954 3579; x_wconf 80' lang='lat' dir='ltr'>habentibus</span> <span class='ocrx_word' id='word_1_240' title='bbox 979 3518 1174 3596; x_wconf 87' lang='lat' dir='ltr'>potestatem</span> <span class='ocrx_word' id='word_1_241' title='bbox 1191 3531 1261 3597; x_wconf 89' lang='lat' dir='ltr'>eos,</span> <span class='ocrx_word' id='word_1_242' title='bbox 1278 3515 1335 3598; x_wconf 89' lang='lat' dir='ltr'>qui</span> <span class='ocrx_word' id='word_1_243' title='bbox 1350 3533 1449 3583; x_wconf 87' lang='lat' dir='ltr'>secus</span> 
     </span>
     <span class='ocr_line' id='line_1_31' title="bbox 328 3621 1451 3710; baseline -0.002 -18"><span class='ocrx_word' id='word_1_244' title='bbox 328 3623 597 3710; x_wconf 89' lang='lat' dir='ltr'>presumpseriut,</span> <span class='ocrx_word' id='word_1_245' title='bbox 613 3641 672 3708; x_wconf 89' lang='lat' dir='ltr'>per</span> <span class='ocrx_word' id='word_1_246' title='bbox 688 3639 862 3689; x_wconf 85' lang='lat' dir='ltr'>censuram</span> <span class='ocrx_word' id='word_1_247' title='bbox 878 3621 1138 3689; x_wconf 88' lang='lat' dir='ltr'>ecclesiasticam</span> <span class='ocrx_word' id='word_1_248' title='bbox 1159 3624 1398 3710; x_wconf 85' lang='lat' dir='ltr'>compescendi,</span> <span class='ocrx_word' id='word_1_249' title='bbox 1416 3631 1451 3690; x_wconf 89' lang='lat' dir='ltr'>et</span> 
     </span>
     <span class='ocr_line' id='line_1_32' title="bbox 325 3729 1451 3819; baseline 0 -19"><span class='ocrx_word' id='word_1_250' title='bbox 325 3734 430 3802; x_wconf 89' lang='lat' dir='ltr'>eciam</span> <span class='ocrx_word' id='word_1_251' title='bbox 453 3729 689 3819; x_wconf 84' lang='lat' dir='ltr'>predicationis</span> <span class='ocrx_word' id='word_1_252' title='bbox 704 3731 869 3798; x_wconf 90' lang='lat' dir='ltr'>silentium</span> <span class='ocrx_word' id='word_1_253' title='bbox 885 3730 1074 3816; x_wconf 89' lang='lat' dir='ltr'>imponendi</span> <span class='ocrx_word' id='word_1_254' title='bbox 1090 3737 1246 3818; x_wconf 90' lang='lat' dir='ltr'>perpetuo</span> <span class='ocrx_word' id='word_1_255' title='bbox 1264 3733 1323 3818; x_wconf 91' lang='lat' dir='ltr'>eis,</span> <span class='ocrx_word' id='word_1_256' title='bbox 1344 3735 1399 3816; x_wconf 86' lang='lat' dir='ltr'>qui</span> <span class='ocrx_word' id='word_1_257' title='bbox 1415 3735 1451 3800; x_wconf 92' lang='lat' dir='ltr'>in</span> 
     </span>
     <span class='ocr_line' id='line_1_33' title="bbox 323 3840 1254 3928; baseline -0.002 -18"><span class='ocrx_word' id='word_1_258' title='bbox 323 3841 602 3928; x_wconf 85' lang='lat' dir='ltr'>predicationibus</span> <span class='ocrx_word' id='word_1_259' title='bbox 618 3841 686 3907; x_wconf 89' lang='lat' dir='ltr'>suis</span> <span class='ocrx_word' id='word_1_260' title='bbox 704 3841 791 3908; x_wconf 88' lang='lat' dir='ltr'>clero</span> <span class='ocrx_word' id='word_1_261' title='bbox 808 3840 984 3910; x_wconf 89' lang='lat' dir='ltr'>detrahere</span> <span class='ocrx_word' id='word_1_262' title='bbox 999 3848 1254 3909; x_wconf 84' lang='lat' dir='ltr'>consueverunt.</span> 
     </span>
    </p>

    <p class='ocr_par' dir='ltr' id='par_1_21' title="bbox 323 3950 1531 4474">
     <span class='ocr_line' id='line_1_34' title="bbox 429 3950 1451 4039; baseline 0 -21"><span class='ocrx_word' id='word_1_263' title='bbox 429 3951 481 4018; x_wconf 87' lang='lat' dir='ltr'>Ne</span> <span class='ocrx_word' id='word_1_264' title='bbox 504 3959 623 4036; x_wconf 86' lang='lat' dir='ltr'>autem,</span> <span class='ocrx_word' id='word_1_265' title='bbox 648 3951 733 4017; x_wconf 89' lang='lat' dir='ltr'>sicut</span> <span class='ocrx_word' id='word_1_266' title='bbox 747 3950 871 4020; x_wconf 91' lang='lat' dir='ltr'>dictum</span> <span class='ocrx_word' id='word_1_267' title='bbox 886 3957 938 4020; x_wconf 90' lang='lat' dir='ltr'>est</span> <span class='ocrx_word' id='word_1_268' title='bbox 953 3971 1072 4039; x_wconf 85' lang='lat' dir='ltr'>supra,</span> <span class='ocrx_word' id='word_1_269' title='bbox 1090 3953 1229 4038; x_wconf 88' lang='lat' dir='ltr'>populus</span> <span class='ocrx_word' id='word_1_270' title='bbox 1246 3953 1282 4018; x_wconf 92' lang='lat' dir='ltr'>in</span> <span class='ocrx_word' id='word_1_271' title='bbox 1299 3952 1451 4036; x_wconf 87' lang='lat' dir='ltr'>predica·</span> 
     </span>
     <span class='ocr_line' id='line_1_35' title="bbox 324 4058 1451 4148; baseline -0.001 -22"><span class='ocrx_word' id='word_1_272' title='bbox 324 4059 412 4127; x_wconf 89' lang='lat' dir='ltr'>tione</span> <span class='ocrx_word' id='word_1_273' title='bbox 435 4058 573 4128; x_wconf 82' lang='lat' dir='ltr'>fratrum</span> <span class='ocrx_word' id='word_1_274' title='bbox 599 4060 800 4128; x_wconf 86' lang='lat' dir='ltr'>distrahatur</span> <span class='ocrx_word' id='word_1_275' title='bbox 826 4083 847 4129; x_wconf 90' lang='lat' dir='ltr'>a</span> <span class='ocrx_word' id='word_1_276' title='bbox 864 4061 973 4130; x_wconf 88' lang='lat' dir='ltr'>missis</span> <span class='ocrx_word' id='word_1_277' title='bbox 1000 4062 1034 4126; x_wconf 88' lang='lat' dir='ltr'>in</span> <span class='ocrx_word' id='word_1_278' title='bbox 1050 4059 1192 4147; x_wconf 91' lang='lat' dir='ltr'>propriis</span> <span class='ocrx_word' id='word_1_279' title='bbox 1208 4060 1374 4148; x_wconf 85' lang='lat' dir='ltr'>parochiis</span> <span class='ocrx_word' id='word_1_280' title='bbox 1391 4079 1451 4126; x_wconf 87' lang='lat' dir='ltr'>au·</span> 
     </span>
     <span class='ocr_line' id='line_1_36' title="bbox 325 4167 1451 4257; baseline -0.001 -21"><span class='ocrx_word' id='word_1_281' title='bbox 325 4167 467 4253; x_wconf 89' lang='lat' dir='ltr'>diendis‚</span> <span class='ocrx_word' id='word_1_282' title='bbox 485 4175 630 4235; x_wconf 85' lang='lat' dir='ltr'>statuere</span> <span class='ocrx_word' id='word_1_283' title='bbox 645 4169 795 4254; x_wconf 89' lang='lat' dir='ltr'>potestis,</span> <span class='ocrx_word' id='word_1_284' title='bbox 812 4177 848 4235; x_wconf 92' lang='lat' dir='ltr'>ut</span> <span class='ocrx_word' id='word_1_285' title='bbox 863 4171 906 4237; x_wconf 86' lang='lat' dir='ltr'>ab</span> <span class='ocrx_word' id='word_1_286' title='bbox 923 4169 1005 4257; x_wconf 86' lang='lat' dir='ltr'>ipsis</span> <span class='ocrx_word' id='word_1_287' title='bbox 1021 4167 1179 4237; x_wconf 88' lang='lat' dir='ltr'>fratribus</span> <span class='ocrx_word' id='word_1_288' title='bbox 1196 4176 1322 4236; x_wconf 90' lang='lat' dir='ltr'>tantum</span> <span class='ocrx_word' id='word_1_289' title='bbox 1338 4170 1373 4236; x_wconf 91' lang='lat' dir='ltr'>iu</span> <span class='ocrx_word' id='word_1_290' title='bbox 1387 4189 1451 4254; x_wconf 85' lang='lat' dir='ltr'>pa·</span> 
     </span>
     <span class='ocr_line' id='line_1_37' title="bbox 324 4275 1531 4363; baseline -0.002 -18"><span class='ocrx_word' id='word_1_291' title='bbox 324 4277 446 4345; x_wconf 88' lang='lat' dir='ltr'>rochiis</span> <span class='ocrx_word' id='word_1_292' title='bbox 462 4277 660 4363; x_wconf 89' lang='lat' dir='ltr'>predicetur,</span> <span class='ocrx_word' id='word_1_293' title='bbox 672 4277 739 4344; x_wconf 89' lang='lat' dir='ltr'>nisi</span> <span class='ocrx_word' id='word_1_294' title='bbox 754 4275 866 4346; x_wconf 81' lang='lat' dir='ltr'>forsan</span> <span class='ocrx_word' id='word_1_295' title='bbox 884 4279 916 4344; x_wconf 89' lang='lat' dir='ltr'>in</span> <span class='ocrx_word' id='word_1_296' title='bbox 936 4280 1069 4347; x_wconf 81' lang='lat' dir='ltr'>fratrum</span> <span class='ocrx_word' id='word_1_297' title='bbox 1086 4277 1340 4363; x_wconf 84' lang='lat' dir='ltr'>festivitatibus,</span> <span class='ocrx_word' id='word_1_298' title='bbox 1356 4277 1452 4344; x_wconf 90' lang='lat' dir='ltr'>dedi-</span> <span class='ocrx_word' id='word_1_299' title='bbox 1529 4347 1531 4351; x_wconf 64' lang='grc'>,</span> 
     </span>
     <span class='ocr_line' id='line_1_38' title="bbox 323 4383 1452 4474; baseline 0.004 -23"><span class='ocrx_word' id='word_1_300' title='bbox 323 4387 465 4455; x_wconf 86' lang='lat' dir='ltr'>cationis</span> <span class='ocrx_word' id='word_1_301' title='bbox 481 4383 633 4454; x_wconf 83' lang='lat' dir='ltr'>videlicet</span> <span class='ocrx_word' id='word_1_302' title='bbox 649 4393 682 4453; x_wconf 92' lang='lat' dir='ltr'>et</span> <span class='ocrx_word' id='word_1_303' title='bbox 696 4387 836 4472; x_wconf 86' lang='lat' dir='ltr'>patroni,</span> <span class='ocrx_word' id='word_1_304' title='bbox 862 4388 922 4455; x_wconf 90' lang='lat' dir='ltr'>sub</span> <span class='ocrx_word' id='word_1_305' title='bbox 951 4389 1043 4457; x_wconf 89' lang='lat' dir='ltr'>cuius</span> <span class='ocrx_word' id='word_1_306' title='bbox 1069 4389 1165 4458; x_wconf 92' lang='lat' dir='ltr'>titulo</span> <span class='ocrx_word' id='word_1_307' title='bbox 1180 4388 1320 4474; x_wconf 90' lang='lat' dir='ltr'>speciali</span> <span class='ocrx_word' id='word_1_308' title='bbox 1336 4405 1452 4456; x_wconf 83' lang='lat' dir='ltr'>eorum</span> 
     </span>
    </p>
   </div>
   <div class='ocr_carea' id='block_1_20' title="bbox 321 4494 1445 4694">
    <p class='ocr_par' dir='ltr' id='par_1_22' title="bbox 321 4487 1565 4710">
     <span class='ocr_line' id='line_1_39' title="bbox 321 4494 1445 4586; baseline -0.007 -21"><span class='ocrx_word' id='word_1_309' title='bbox 321 4497 464 4566; x_wconf 89' lang='lat' dir='ltr'>ecclesia</span> <span class='ocrx_word' id='word_1_310' title='bbox 490 4501 542 4564; x_wconf 89' lang='lat' dir='ltr'>est</span> <span class='ocrx_word' id='word_1_311' title='bbox 567 4494 713 4564; x_wconf 82' lang='lat' dir='ltr'>fundate.</span> <span class='ocrx_word' id='word_1_312' title='bbox 743 4496 883 4564; x_wconf 90' lang='lat' dir='ltr'>Videtur</span> <span class='ocrx_word' id='word_1_313' title='bbox 907 4499 1024 4586; x_wconf 88' lang='lat' dir='ltr'>eciam,</span> <span class='ocrx_word' id='word_1_314' title='bbox 1042 4497 1218 4584; x_wconf 88' lang='lat' dir='ltr'>quodcum</span> <span class='ocrx_word' id='word_1_315' title='bbox 1235 4497 1369 4566; x_wconf 89' lang='lat' dir='ltr'>ordines</span> <span class='ocrx_word' id='word_1_316' title='bbox 1385 4497 1445 4564; x_wconf 87' lang='lat' dir='ltr'>isti</span> 
     </span>
     <span class='ocr_line' id='line_1_40' title="bbox 322 4605 1444 4694; baseline -0.003 -20"><span class='ocrx_word' id='word_1_317' title='bbox 322 4625 420 4694; x_wconf 84' lang='lat' dir='ltr'>super</span> <span class='ocrx_word' id='word_1_318' title='bbox 435 4612 664 4692; x_wconf 82' lang='lat' dir='ltr'>paupertatem</span> <span class='ocrx_word' id='word_1_319' title='bbox 678 4611 716 4672; x_wconf 86' lang='lat' dir='ltr'>et</span> <span class='ocrx_word' id='word_1_320' title='bbox 732 4607 980 4675; x_wconf 82' lang='lat' dir='ltr'>mendicitatem</span> <span class='ocrx_word' id='word_1_321' title='bbox 1005 4609 1137 4694; x_wconf 87' lang='lat' dir='ltr'>penitus</span> <span class='ocrx_word' id='word_1_322' title='bbox 1153 4610 1219 4677; x_wconf 87' lang='lat' dir='ltr'>sint</span> <span class='ocrx_word' id='word_1_323' title='bbox 1234 4605 1375 4693; x_wconf 86' lang='lat' dir='ltr'>fundati,</span> <span class='ocrx_word' id='word_1_324' title='bbox 1390 4607 1444 4673; x_wconf 92' lang='lat' dir='ltr'>ni·</span> 
     </span>
    </p>
   </div>
   <div class='ocr_carea' id='block_1_21' title="bbox 0 0 1582 5158">
    <p class='ocr_par' dir='ltr' id='par_1_23' title="bbox 0 0 1582 5158">
     <span class='ocr_line' id='line_1_41' title="bbox 0 0 1582 5158; baseline 0 2"><span class='ocrx_word' id='word_1_325' title='bbox 0 0 1582 5158; x_wconf 95' lang='lat' dir='ltr'> </span> 
     </span>
    </p>
   </div>
  </div>
 </body>
</html>
