3142 5170
867 997 946 1064 207.

349 1223 398 1284 Aa
414 1217 597 1302 eezterpamt'
621 1213 776 1300 lodptolon
802 1213 1081 1301 bizorupso'qleuelc,
1108 1212 1187 1300 kopp
1203 1217 1310 1279 istacin
1327 1218 1358 1280 c'a
1378 1216 1468 1278 Pe'lcr

349 1327 499 1393 memorale
516 1323 597 1392 Gaul
612 1324 830 1413 cemzetsdqbd'l
843 1323 964 1411 paldolt
982 1322 1162 1387 doceatur
1186 1323 1254 1388 tdbb
1273 1322 1403 1408 pald-ati
1425 1344 1470 1386 co

694 1433 855 1500 merekaelc
871 1431 1011 1500 elodldlr.
1031 1433 1126 1496 1288.

461 1651 630 1720 Universis
659 1656 830 1737 presentes
856 1651 972 1717 literas
998 1649 1195 1734 inspecturis
1211 1648 1399 1734 Capitulum
1415 1651 1469 1716 Ec·

350 1762 453 1830 clesie
463 1760 699 1844 strigoniensis
714 1761 855 1828 salutem
871 1760 906 1826 in
922 1759 1063 1826 Domino
1079 1758 1317 1844 sempiternam.
1333 1757 1388 1824 Ad
1407 1757 1471 1824 nni·

350 1889 515 1938 versorum
544 1867 697 1935 noticiam
723 1876 836 1938 tenore
867 1868 1074 1952 presencium
1105 1867 1254 1933 volumus
1285 1867 1469 1953 pervenire,

351 1978 439 2061 qnod
465 1997 538 2060 cnm
564 1976 689 2043 nobiles
714 1977 775 2044 viri
803 1976 990 2062 Stephanus
1006 1982 1038 2041 et
1063 1977 1179 2043 Petrus
1204 1975 1371 2060 magistri,
1400 1974 1471 2060 fylii

351 2087 502 2172 magistri
518 2085 621 2153 Marci
637 2087 679 2152 de
695 2104 811 2169 genere
834 2084 950 2154 Chaak
966 2085 1011 2151 ad
1036 2091 1180 2151 nostram
1197 2085 1405 2169 presenciam
1424 2104 1472 2150 ao-

350 2195 527 2282 eedentes,
556 2195 638 2261 duas
662 2203 776 2280 partes
793 2194 835 2260 de
851 2195 947 2262 totali
962 2199 1052 2259 terra
1067 2192 1203 2259 Palaslh
1220 2199 1338 2258 vocata
1351 2195 1387 2257 in
1405 2200 1470 2259 tres

350 2301 524 2389 porciones
540 2302 676 2388 equales
692 2302 810 2387 divisa,
826 2303 891 2369 sita
907 2303 939 2368 in
958 2301 1121 2368 comitatu
1138 2301 1312 2383 Hnntensi‚
1330 2301 1393 2368 sub
1411 2321 1471 2368 uno

349 2431 444 2479 eursu
461 2417 639 2498 metarum,
662 2431 725 2495 que
751 2413 829 2479 clim
841 2415 1009 2480 eratterra
1022 2409 1235 2478 castrensium
1254 2409 1295 2477 de
1309 2409 1425 2478 Hnnth
1440 2419 1470 2476 et

353 2521 394 2588 de
413 2521 618 2605 Bolonduch,
646 2529 678 2588 et
693 2543 753 2608 per
763 2521 928 2589 dominum
940 2521 1055 2587 Belem
1066 2524 1214 2602 quartum
1226 2520 1368 2601 qondam
1388 2519 1471 2608 (igy)

349 2635 473 2715 Regem
500 2629 669 2715 Hungarie
694 2630 940 2698 recordacionis
969 2629 1094 2708 felicis,
1120 2630 1278 2712 magistro
1304 2628 1470 2714 Stephano

353 2740 420 2806 tilio
440 2739 589 2824 magistri
615 2740 760 2828 Mathey‚
787 2741 873 2826 patri
885 2734 916 2824 (l
932 2735 1010 2822 avo)
1028 2738 1181 2804 videlieet
1199 2738 1376 2804 eorundem
1391 2737 1469 2807 tilio-

350 2869 420 2915 rum
435 2847 582 2932 magistri
599 2849 711 2933 Marci,
728 2855 823 2934 prout
839 2849 871 2914 iu
889 2847 1062 2933 privilegio
1080 2846 1226 2932 ejusdem
1251 2843 1376 2912 domini
1393 2850 1469 2915 Bele

350 2957 449 3042 Regis
466 2956 614 3040 habetur,
632 2957 753 3025 collata
769 2957 945 3022 exstiterat
962 2963 995 3022 et
1013 2973 1191 3041 concessa,
1217 2955 1306 3022 hanc
1321 2957 1469 3025 collacio-

351 3086 424 3132 ncm
441 3065 564 3133 domini
581 3065 660 3132 Bele
678 3067 796 3150 Regis,
823 3063 955 3132 domino
973 3062 1130 3132 Ladislao
1147 3065 1212 3131 Dei
1231 3065 1346 3150 gracia
1361 3067 1468 3152 tercio,

351 3193 436 3239 nnnc
452 3173 674 3242 Illustrissimo
685 3175 777 3258 Rege
792 3173 972 3257 Hungarie,
989 3191 1155 3258 persuum
1172 3173 1379 3258 privilegium
1400 3196 1469 3242 oon·
1556 3183 1557 3192 ’

351 3282 512 3368 firmante,
529 3287 654 3365 etpost
670 3281 792 3349 obitum
809 3281 912 3366 ipsius
938 3281 1088 3366 magistri
1105 3281 1288 3369 Stephani,
1316 3303 1375 3370 per
1399 3303 1467 3348 enn-

352 3391 423 3456 dem
440 3390 603 3458 dominnm
620 3391 742 3474 Regem
760 3391 952 3458 Ladislanm
970 3389 1086 3458 eadem
1104 3395 1193 3455 terra
1208 3391 1365 3470 Palasth,
1391 3391 1467 3478 ipsis

351 3499 428 3586 filijs
453 3499 602 3586 magistri
628 3501 730 3566 Marci
746 3501 825 3568 data
841 3499 947 3567 fuerat
964 3509 997 3567 et
1013 3498 1157 3584 donata,
1184 3499 1268 3566 sicut
1284 3501 1316 3564 in
1333 3500 1468 3586 patenti·

351 3612 409 3676 bue
426 3609 527 3675 literis
544 3609 691 3676 eiusdem
707 3609 829 3676 domini
845 3609 943 3695 Regis
961 3607 1108 3675 Ladislai
1134 3607 1278 3676 vidimus
1305 3609 1467 3684 contineri,

351 3735 387 3782 se
413 3713 555 3784 confessi
581 3717 721 3786 luissent
745 3717 785 3782 de
805 3717 906 3803 Regia
932 3715 1148 3803 permissione
1164 3715 1353 3785 vendidisse
1370 3724 1404 3783 et
1419 3735 1467 3783 as·

353 3826 523 3910 signasse,
548 3825 667 3911 partim
693 3826 818 3893 seilicet
847 3825 1013 3894 nobilibus
1037 3826 1118 3894 viris
1145 3826 1262 3893 domiti
1288 3827 1385 3893 Petro
1406 3826 1470 3891 iilic
1554 3825 1555 3835 ’

352 3935 454 4016 Burs,
472 3934 588 4016 Petro,
606 3935 688 4000 Burs
706 3941 738 4000 et
754 3936 875 4002 Bowaa
896 3933 973 4020 filijs
989 3935 1076 4021 suis,
1094 3941 1128 4001 et
1144 3935 1265 4021 partim
1281 3935 1399 4002 Comiti
1413 3939 1471 4000 Bo·

352 4061 470 4128 gonye,
487 4047 519 4106 et
534 4043 692 4126 Magistro
708 4043 772 4110 Job
789 4042 866 4128 lilijs
882 4044 1006 4110 Joanoe
1032 4041 1115 4132 (lgy)
1142 4051 1174 4110 et
1191 4042 1310 4129 Lipton
1324 4043 1391 4110 tilio
1408 4042 1471 4130 Gy·
1553 4103 1554 4148 ξ

353 4152 413 4218 urk
430 4152 471 4218 de
488 4151 635 4234 Palasth,
651 4160 684 4219 et
700 4173 808 4219 eorum
824 4147 1071 4238 posteritatibus
1088 4153 1299 4236 successivis,
1309 4173 1368 4239 pro
1385 4159 1470 4220 octo-

353 4261 446 4344 ginta
473 4280 531 4328 sex
556 4263 675 4329 marcis
702 4270 734 4327 ct
760 4261 894 4329 dimidia
911 4269 1043 4330 acceto
1070 4261 1270 4348 ponderibus
1287 4262 1407 4349 legalis
1422 4279 1470 4326 ar-

351 4369 453 4455 genti,
470 4369 512 4434 ad
529 4390 661 4452 quarum
679 4373 864 4440 solucioncs
883 4373 987 4438 eciam
1014 4373 1142 4440 termini
1158 4371 1288 4438 fuerant
1304 4371 1337 4437 iu
1353 4371 1471 4440 nostris
1552 4417 1553 4450 ,

354 4477 459 4544 literis
484 4479 604 4562 pluries
631 4481 812 4565 assignali3
841 4481 973 4548 tandem
994 4481 1141 4547 terminis
1158 4479 1201 4549 ad
1217 4479 1402 4548 soluciones
1418 4479 1472 4545 hu·

352 4585 493 4654 iusmodi
509 4587 686 4671 deputatis,
704 4609 744 4655 ex
760 4599 855 4677 parte
871 4590 1088 4675 predictorum
1105 4589 1260 4657 nobilium
1279 4588 1319 4656 de
1335 4587 1472 4656 Palaslh

358 4693 436 4780 filijs
453 4697 599 4763 eiusdem
615 4699 764 4784 magistri
789 4700 911 4784 Marci,
937 4701 1085 4786 predicta
1109 4702 1274 4783 quantitas
1299 4697 1402 4767 debiti
1418 4717 1470 4762 ex·
1551 4721 1552 4724 ¹
