3154 5166
888 285 954 356 364

361 485 493 570 galibus
518 485 628 570 ntique
654 489 725 553 orta
749 484 917 553 natalibus
944 491 978 554 et
1002 485 1139 552 honeste
1165 486 1427 554 conversationis
1444 505 1481 552 ac

361 594 428 660 vite
453 594 555 662 titulis
583 594 752 680 insignita,
780 593 936 662 videlieet
961 594 1136 664 carissima
1151 595 1185 660 in
1201 594 1330 664 Christo
1345 594 1414 662 tilia
1428 615 1482 662 no

360 709 429 772 stra
446 704 481 768 E
494 704 614 772 illustri
624 703 752 788 Regina
765 700 920 788 Ungarie,
942 702 1116 772 crudeliter
1138 702 1269 772 seviens
1281 705 1314 770 in
1326 725 1362 772 se
1379 705 1481 790 ipsum

359 817 393 878 et
417 809 549 878 domum
565 812 712 898 Ungarie
738 813 883 879 inolitam
900 813 1045 897 Regibus
1067 813 1194 900 pollere
1210 811 1392 880 Catholicis
1407 832 1479 881 con·

361 925 507 1006 suetam,
533 921 662 988 thorum
689 918 804 989 fedare
828 941 893 988 non
915 921 1031 987 metuit
1047 920 1257 1008 coniugalem
1274 920 1308 988 in
1325 923 1480 1003 grandem

360 1049 499 1117 superne
515 1030 701 1100 Maiestatis
727 1030 907 1114 offensam,
936 1051 1041 1115 graue
1067 1050 1128 1100 sue
1144 1029 1261 1098 salutis
1278 1030 1481 1116 dispendium

361 1147 394 1206 et
409 1139 604 1208 scandalum
630 1141 774 1210 fidelium
800 1141 1022 1229 plurimorum.
1049 1141 1119 1210 Nos
1144 1146 1253 1208 antem
1271 1141 1481 1224 equanimiter

361 1248 447 1316 lerre
463 1249 546 1316 talia
562 1255 595 1314 et
609 1257 678 1318 tam
694 1251 811 1336 gravia
829 1271 894 1318 non
910 1253 1073 1338 valentes,
1091 1257 1126 1318 ct
1142 1251 1309 1337 cupientes
1325 1269 1384 1337 per
1399 1249 1480 1334 Apo·

359 1355 477 1425 stolice
502 1358 598 1426 Sedis
613 1357 854 1445 providentiam
871 1365 1066 1445 oportunum
1083 1359 1262 1447 superbiis
1279 1357 1417 1428 Domino
1433 1357 1478 1424 la·

360 1472 458 1533 rents
484 1467 661 1534 remedium
688 1469 849 1551 adhiberi,
875 1469 1100 1537 venerabilem
1126 1469 1259 1535 fratrem
1285 1473 1429 1534 nostrum
1444 1468 1479 1534 B.

360 1573 559 1662 Episcopum
575 1577 797 1662 Eugnbiunm,
825 1579 930 1647 virum
957 1581 1066 1663 ntique
1093 1577 1268 1646 virtutibus
1292 1577 1479 1660 insignitum

359 1705 398 1752 aa
415 1685 511 1752 nohis
527 1693 561 1752 et
576 1687 733 1756 fratribus
750 1689 871 1756 nostris
889 1690 1003 1756 merito
1018 1708 1079 1757 sue
1105 1688 1279 1776 probitatis
1295 1693 1474 1770 acceptum,

360 1793 404 1862 ad
420 1797 565 1882 Regnum
582 1798 746 1882 Ungarie,
775 1799 950 1866 commisso
975 1799 1039 1865 sibi
1059 1801 1160 1885 plene
1177 1796 1356 1882 legationis
1372 1793 1478 1862 cilicio

361 1905 393 1971 in
411 1905 529 1973 codem
539 1907 665 1991 Regno,
682 1927 743 1976 neo
759 1929 824 1974 non
840 1909 1018 1992 Dalmatio,
1034 1926 1097 1990 que
1114 1907 1259 1990 Ungarie
1272 1903 1417 1990 Regibus
1433 1923 1480 1970 so

359 2013 405 2080 let
422 2031 495 2083 esse
524 2017 692 2102 subiecta,
718 2017 869 2099 Austris,
899 2018 1029 2102 Styrie,
1057 2016 1245 2096 Oariuthie,
1271 2014 1432 2081 (lemania
1449 2021 1481 2081 et

360 2121 468 2188 Bosuo
485 2124 644 2210 partibus,
661 2131 816 2210 tauquam
834 2125 927 2210 pacis
944 2126 1097 2211 angelum
1114 2125 1329 2206 destinamus,
1341 2123 1405 2190 sibi
1420 2143 1478 2210 per

359 2231 445 2300 alias
463 2231 593 2300 litteras
610 2241 740 2302 nostras
763 2234 920 2319 iniuncto,
938 2242 974 2302 ut
989 2233 1019 2302 si
1035 2234 1177 2317 Tartari,
1195 2231 1379 2315 Sarraceui,
1396 2231 1480 2297 Neu·

358 2341 439 2426 gerii
464 2347 498 2408 et
521 2343 645 2427 pagani
670 2343 803 2428 prelati,
821 2361 900 2410 suos
918 2351 1058 2411 conatus
1075 2342 1252 2430 nepharius
1270 2347 1385 2408 contra
1401 2339 1478 2408 tidei

358 2450 539 2519 orthodoxe
556 2453 696 2518 cultores
721 2471 877 2520 exercere
904 2455 1172 2540 presumpserint,
1191 2471 1233 2517 ne
1250 2450 1396 2539 ipsorum
1413 2467 1481 2517 crn-

357 2558 478 2626 delitas
494 2561 528 2626 in
545 2559 690 2628 eiusdem
709 2559 786 2628 fidei
804 2561 1011 2650 dispendium
1033 2563 1228 2646 invalescat,
1245 2559 1408 2627 adversus
1424 2579 1481 2627 eos

357 2676 391 2736 et
415 2667 498 2736 alios
524 2665 720 2737 adherentes
748 2670 876 2739 eisdem
902 2672 955 2737 vel
980 2670 1072 2755 ipsos
1097 2672 1130 2736 in
1152 2668 1216 2735 hiis
1234 2667 1481 2752 quomodolibet

358 2777 589 2860 confoventes,
606 2778 835 2863 cuiuscumque
857 2778 1085 2865 preminentie,
1105 2777 1288 2863 dignitatis,
1304 2782 1411 2845 status
1427 2783 1484 2842 ant

353 2884 548 2953 conditionis
574 2887 763 2971 extiterint,
791 2908 831 2954 ac
857 2887 957 2954 etiam
986 2893 1098 2954 contra
1113 2885 1287 2969 hereticos,
1304 2885 1361 2968 qni
1377 2885 1423 2953 de
1438 2884 1483 2951 di·

354 2997 459 3064 rersis
476 2993 588 3063 mundi
605 2995 755 3082 partibus
772 2995 805 3061 iu
822 2994 989 3062 nonnullis
1018 2993 1101 3064 loeis
1118 3013 1177 3062 sue
1193 2993 1356 3079 legationi
1373 2993 1480 3061 subie-
1557 3013 1558 3030 ¹

355 3104 436 3187 ctis,
453 3103 537 3170 sient
552 3105 728 3189 asseritur,
747 3111 987 3187 conuenerunt,
1006 3102 1155 3171 omnibns
1172 3102 1294 3172 Christi
1321 3100 1477 3169 fidelibus

354 3233 414 3300 per
442 3211 589 3297 Regnum
606 3214 751 3300 Ungarie
777 3214 1000 3300 supradictum
1027 3232 1067 3280 ac
1094 3211 1178 3278 alias
1195 3212 1284 3278 dicte
1301 3210 1483 3294 legationis

354 3329 466 3410 partes
483 3342 542 3410 per
557 3342 604 3408 se,
621 3325 675 3391 vcl
693 3343 753 3409 per
769 3325 868 3390 alium
884 3343 942 3390 seu
958 3323 1042 3390 alios
1066 3321 1199 3388 verbnm
1216 3319 1323 3387 crucis
1340 3319 1484 3388 sollicite

355 3451 538 3517 proponere
554 3431 703 3516 studeat,
731 3437 764 3500 et
787 3434 831 3500 ad
847 3453 921 3500 eam
937 3431 1097 3518 promptis
1113 3431 1233 3498 animis
1249 3429 1484 3498 assumendam

356 3541 573 3609 Christianum
590 3543 746 3628 populum
765 3543 943 3610 exhortari.
961 3543 1130 3626 Rogamus
1147 3540 1258 3622 itaque
1274 3537 1484 3604 nobilitatem

355 3656 498 3719 vestram
510 3655 543 3717 et
559 3650 728 3720 hortamur
745 3653 779 3719 in
796 3650 863 3718 filio
880 3651 941 3719 Dei
956 3651 1069 3738 patris,
1085 3651 1120 3716 in
1137 3647 1365 3716 remissionem
1383 3647 1483 3714 vobis

356 3766 562 3846 peccatorum
580 3761 796 3846 iniungentes,
815 3766 973 3846 qnatenus
990 3760 1201 3828 attendentes
1221 3755 1373 3840 sollicite,
1392 3754 1482 3840 qnod

356 3888 415 3956 per
429 3869 491 3936 hoc
506 3877 622 3954 posset
638 3869 808 3938 catholice
823 3869 899 3938 fidei
915 3889 980 3936 non
1002 3867 1166 3937 modicum
1183 3865 1345 3954 deperire,
1363 3871 1483 3932 contra

355 3978 522 4060 Tartarus,
539 3975 749 4065 Sarracenos,
766 3979 959 4065 Neugerios,
976 3994 1135 4065 paganos,
1154 3975 1370 4058 scismaticos,
1388 3973 1485 4041 here·

355 4087 437 4154 ticos
455 4091 488 4153 et
502 4087 699 4158 adherentes
715 4087 889 4172 predictis,
912 4088 1040 4174 prefato
1057 4087 1219 4176 Episcopo
1234 4105 1292 4170 pro
1310 4083 1436 4152 Divina
1454 4088 1488 4148 et

356 4195 544 4281 Apostolice
557 4195 656 4264 Sedis
672 4216 713 4265 ac
728 4203 842 4267 nostra
858 4197 1052 4278 reverentia,
1070 4214 1142 4262 cnm
1159 4213 1257 4278 super
1272 4191 1335 4260 boc
1353 4200 1388 4258 et
1405 4189 1486 4258 aliis

356 4303 456 4372 etiarn
481 4323 540 4370 sue
563 4305 740 4390 legationis
767 4306 909 4392 negotiis
936 4326 977 4371 ax
992 4309 1088 4391 parta
1103 4303 1208 4389 ipsius
1227 4300 1385 4387 Episcopi
1404 4317 1484 4366 oon·

356 4413 469 4500 tigerit
484 4433 543 4481 vos
559 4415 689 4496 requiri,
701 4413 857 4484 assistere
874 4413 1039 4483 studeatis
1055 4411 1213 4489 consiliis,
1228 4410 1363 4478 auxiliis
1379 4414 1418 4476 et
1437 4407 1486 4474 la-

357 4521 490 4590 reribus
514 4523 700 4607 oportunis,
725 4531 761 4590 ut
788 4521 912 4588 illorum
931 4521 1120 4607 dampnatis
1137 4526 1169 4586 et
1184 4518 1345 4605 repressis
1361 4517 1486 4584 errori·

357 4629 419 4696 bus
435 4633 468 4695 et
477 4629 588 4716 pravis
600 4632 772 4700 conatibus
783 4632 911 4720 penitus
921 4629 1082 4720 vacuatis,
1095 4629 1191 4700 vobis
1207 4627 1329 4700 exinde
1345 4645 1391 4698 ex
1408 4629 1482 4698 atto
1553 4613 1554 4662 ³
