3142 5170
859 935 942 1002 ²03.

345 1132 402 1198 W.
428 1133 545 1198 Mittor
564 1136 655 1222 pdpa
681 1133 786 1198 Ilorrctt
811 1143 920 1222 bzncpy
936 1135 1021 1200 scarb
1036 1136 1193 1222 loirdlyrrdt
1208 1137 1278 1219 inti,
1295 1136 1460 1222 bopyfinit

344 1241 465 1308 Iatodrrt
490 1243 522 1305 de
551 1240 643 1305 Uroet
668 1263 689 1306 n
708 1243 809 1306 ramat
825 1242 941 1330 opytoz
957 1245 1113 1329 opyadpere
1128 1244 1252 1309 teretem
1267 1243 1460 1329 ipyclacaadlo.

856 1352 951 1415 1288.

448 1547 608 1616 Nicolaus
626 1548 810 1635 Episcopus
835 1566 951 1616 seruus
976 1566 1145 1615 seruorum
1161 1547 1225 1616 Dei
1241 1549 1410 1615 carissime
1426 1549 1459 1612 iu

344 1653 474 1724 Christo
490 1654 556 1722 filie
574 1657 675 1723 Eleue
690 1656 815 1741 Regina
832 1657 1020 1724 Sclavorum
1036 1657 1157 1723 Illustri
1174 1660 1313 1724 salutem
1330 1657 1457 1743 etllpo-

342 1765 493 1833 stolioam
519 1761 790 1832 benedictionem.
816 1762 963 1831 Gratiam
979 1765 1106 1849 agimus
1121 1766 1302 1848 gratiarum
1317 1767 1460 1833 omnium

343 1873 514 1960 largitori,
542 1872 629 1957 qnod
656 1872 740 1938 sicut
765 1873 950 1959 accepimus
975 1880 1008 1940 et
1022 1873 1135 1957 utiquc
1150 1883 1370 1961 acceptamus,
1386 1875 1460 1961 ipso

344 1982 444 2050 menti
459 1985 513 2050 tue
528 1981 675 2052 timorem
702 1980 752 2049 sui
778 1981 917 2048 neminie
933 1987 967 2047 et
982 2001 1124 2049 amorem
1141 1983 1391 2052 misericorditer
1410 1983 1459 2048 in-

343 2095 508 2179 spirante,
526 2089 579 2174 [ab
596 2110 644 2178 eo,
662 2091 718 2175 qui
732 2092 822 2159 solus
837 2090 937 2159 habet
953 2092 985 2157 iu
1002 2091 1116 2174 Regno
1133 2089 1295 2158 hominum
1311 2097 1458 2177 potesta-

342 2207 419 2284 tem,
436 2199 608 2284 diguitatis
632 2199 767 2284 Regalis
791 2199 929 2284 gloriam
956 2217 1205 2284 recognoscens,
1222 2201 1254 2267 in
1270 2199 1374 2268 Deum
1389 2200 1459 2268 sin·

345 2327 456 2376 ceram
472 2307 576 2378 habes
591 2305 698 2392 fidem,
716 2326 756 2374 ao
772 2307 843 2376 eius
860 2309 1045 2378 Ecclesiam
1061 2307 1131 2376 zelo
1148 2308 1280 2395 piatatis
1296 2309 1461 2376 catholice

342 2416 521 2486 veneraris.
547 2416 641 2484 Hauc
658 2418 769 2504 itaque
794 2416 893 2486 tidem
909 2419 1020 2504 vigere
1035 2419 1068 2486 in
1084 2424 1139 2486 tua
1156 2418 1311 2505 progenie
1325 2419 1459 2504 cupien-
1563 2481 1564 2504 ,

341 2533 401 2612 tes,
417 2523 609 2613 Magnificos
625 2525 712 2595 viros
728 2527 932 2614 Stephanum
947 2535 979 2598 et
995 2526 1167 2614 Urosium,
1185 2528 1329 2596 lllustres
1344 2525 1461 2614 Reges

341 2635 549 2718 Sclavorum,
577 2639 670 2703 natos
686 2643 778 2722 tuos,
806 2657 867 2722 per
883 2643 1012 2704 nostras
1028 2636 1155 2704 litteras
1170 2635 1344 2705 hortandos
1360 2634 1459 2702 duxi-
1563 2671 1564 2680 ι

341 2763 411 2814 mus
428 2751 461 2812 et
477 2741 676 2827 monendos,
693 2751 728 2810 ut
750 2742 1085 2832 pie‘corsiderantes,
1112 2743 1198 2828 quod
1214 2763 1279 2814 una
1294 2751 1342 2810 est
1358 2741 1459 2828 fides,
1563 2817 1564 2840 ,

342 2858 435 2920 extra
452 2871 548 2936 quam
564 2851 673 2920 uullns
689 2853 819 2922 omnino
836 2854 992 2939 salvatur,
1008 2861 1041 2920 et
1056 2852 1126 2920 siue
1142 2872 1207 2937 qua
1222 2853 1293 2920 Deo
1307 2854 1462 2937 impossi-
1563 2863 1564 2934 J

341 2961 409 3028 bile
425 2969 472 3028 est
488 2961 638 3046 placere,
656 2961 701 3038 ad
717 2962 818 3049 ipsius
834 2963 970 3031 veniant
983 2961 1059 3030 fidei
1075 2961 1250 3045 unitatem,
1268 2982 1407 3047 eamque
1423 2967 1459 3032 u·
1563 2951 1564 2980 ³

341 3067 458 3138 daliter
473 3074 606 3137 teneant
621 3075 654 3136 et
669 3071 842 3140 observent
851 3123 861 3158 ,
887 3071 1113 3141 nichilominus
1141 3071 1292 3159 populum
1306 3091 1363 3138 sue
1379 3072 1461 3140 diti-

340 3177 395 3243 oni
410 3179 510 3264 Regis
527 3179 631 3246 eterni
653 3185 813 3268 potestate
837 3181 1018 3249 subiectum
1030 3231 1039 3267 ,
1065 3179 1107 3248 ad
1133 3181 1273 3248 eandem
1298 3181 1459 3248 unitatem

340 3285 556 3373 reducentes,
573 3287 605 3352 in
621 3287 710 3356 illius
727 3290 956 3359 obseruatione
982 3309 1039 3356 suo
1055 3291 1204 3376 exemplo
1229 3289 1411 3375 laudabili,
1428 3301 1463 3358 ct

340 3393 403 3481 piis
419 3393 663 3466 inductionibus
678 3398 834 3466 studeant
850 3417 1056 3468 conservare.
1067 3399 1217 3468 (letarum
1233 3407 1268 3466 ut
1283 3400 1380 3466 iidem
1390 3402 1461 3467 Re-

339 3521 398 3588 ges
408 3521 582 3586 eorumque
593 3503 731 3590 populus
745 3505 852 3592 ipsum
861 3507 924 3575 Dei
934 3505 1032 3574 hlium
1042 3507 1154 3576 lesum
1170 3506 1344 3592 Christum,
1355 3527 1459 3576 suam

341 3611 517 3697 gloriosam
543 3619 678 3679 matrem
703 3633 742 3680 ac
766 3613 840 3682 fidei
866 3615 1050 3682 Christiane
1071 3617 1331 3684 observationem
1348 3637 1464 3702 agno·

339 3725 452 3807 scant,
479 3720 617 3789 dilectos
637 3719 732 3800 tilios,
748 3722 866 3792 fratres
881 3723 1040 3792 Marinum
1056 3731 1089 3788 et
1114 3723 1312 3811 cyprianum
1328 3725 1371 3794 de
1387 3725 1463 3793 fra-

341 3835 422 3893 tmm
448 3827 608 3896 llinorum
636 3825 765 3916 Ordine,
782 3832 871 3898 viros
888 3831 998 3916 utique
1014 3851 1177 3918 pauperes
1194 3832 1226 3898 in
1243 3835 1305 3904 hoo
1321 3837 1465 3921 mundo,

341 3935 375 4002 iu
391 3935 454 4003 fide
470 3934 590 4003 divites
607 3943 638 4002 et
654 3937 688 4004 iu
704 3937 778 4022 lege
796 3938 926 4008 Domini
953 3939 1080 4026 plenius
1105 3941 1267 4029 eruditos,
1293 3963 1365 4010 cum
1382 3965 1463 4031 pre-

339 4043 437 4111 dictis
452 4045 573 4112 nestris
589 4045 706 4112 litteris
722 4047 945 4134 destinamus,
962 4049 1100 4137 ideoque
1111 4051 1347 4120 celsitudinem
1363 4061 1464 4120 tuam

338 4169 492 4236 rogamus
503 4209 505 4214 .
517 4159 551 4218 et
575 4153 740 4222 hortamur
764 4162 901 4240 attente,
920 4157 1193 4228 inremissionem
1211 4162 1272 4228 tibi
1289 4165 1463 4248 peccami-

338 4278 412 4325 num
437 4260 664 4345 iuiuugeutcs,
690 4269 848 4347 quatenus
864 4264 1028 4352 predictos
1044 4269 1171 4354 Reges,
1188 4279 1283 4338 natos
1300 4277 1372 4341 tuos
1382 4323 1392 4357 ,
1422 4281 1466 4338 ut

338 4365 453 4434 devote
478 4367 613 4436 redeant
637 4371 681 4439 ad
703 4373 852 4457 predicte
869 4372 946 4441 lidei
966 4376 1139 4463 unitatem,
1156 4387 1189 4446 et
1204 4380 1367 4448 humiliter
1382 4399 1466 4450 nus·

344 4475 467 4562 eiplaut
491 4481 603 4542 nostra
630 4484 663 4544 et
676 4480 894 4565 predictorum
918 4483 1054 4550 fratrum
1080 4485 1238 4554 salutaria
1253 4488 1385 4576 monita,
1404 4510 1467 4560 se·

346 4581 431 4652 dulia
446 4583 725 4655 exhortationibus
742 4587 896 4660 inducere
912 4608 975 4658 nnn
993 4592 1143 4680 omittas,
1169 4597 1319 4684 ipsosque
1333 4597 1368 4662 iu
1394 4601 1467 4667 oh-
