3116 5166
603 265 761 381 *ran-

2 469 4 508 ὲ
112 461 197 530 alios
215 463 448 552 cuiuscumque
465 465 680 552 conditionis,
698 469 916 554 preminentie
932 469 1004 540 sive
1021 474 1128 539 status
1146 491 1246 558 agere

2 575 4 590 ³
111 575 246 643 studeat
263 583 297 642 et
312 582 478 660 tractare,
497 595 560 660 qne
576 576 621 644 ed
637 579 759 646 cultum
777 580 853 665 Dei,
871 581 1063 665 apostolice
1078 583 1174 652 Sedis
1190 580 1247 650 be-

111 703 248 770 norem,
273 685 521 754 observantiam
549 687 711 755 canonice
730 689 936 774 sanctioni-s,
952 691 1244 776 reintegrationem

109 793 339 863 ecclesiastice
355 795 527 876 libertatis,
543 794 643 863 robur
659 801 766 863 status
782 797 897 884 Regii,
914 797 1096 868 honestatis
1112 801 1243 885 cultum,

110 901 376 969 reformationem
404 901 517 988 pacis,
535 905 774 972 relevationem
797 923 989 991 pauperum,
1005 927 1046 976 ac
1062 907 1243 976 animarum

113 1011 253 1078 salutem
281 1017 314 1076 et
340 1009 611 1094 tranquillitatem
629 1031 801 1096 corporum
827 1015 1044 1098 pertinebunt.
1081 1015 1274 1094 Quocirca·

109 1119 317 1186 nobilitatem
344 1125 431 1185 tuem
462 1137 617 1203 rogamus
642 1127 681 1198 etv
698 1121 912 1189 obsecramus
939 1125 973 1188 in
1006 1122 1138 1190 domino
1163 1123 1243 1192 Jesu

109 1227 253 1311 Christo,
271 1233 433 1309 qnatenus
452 1226 597 1296 eundem
617 1227 828 1314 Episcopum,
846 1249 940 1312 qncm
957 1250 1018 1314 pro
1034 1249 1168 1298 suarum
1179 1233 1243 1298 vir-

107 1343 214 1402 tutum
230 1335 383 1421 insigniis
400 1333 528 1403 interne
546 1335 794 1421 complectimur
811 1337 949 1405 brachio
967 1338 1127 1423 caritatis,
1143 1325 1242 1406 immo

107 1447 220 1530 potius
246 1454 424 1530 personam
450 1451 597 1514 nostram
627 1445 661 1512 in
687 1446 780 1531 ipso,
799 1465 873 1514 cum
889 1445 969 1514 illuc
985 1448 1056 1514 Deo
1074 1448 1158 1516 duce
1172 1468 1244 1535 per-

107 1555 247 1640 uenerit,
274 1551 412 1638 benigne
437 1553 600 1638 recipiens
632 1561 664 1620 ct
694 1555 834 1620 honeste
851 1561 1067 1640 pertractans,
1086 1556 1148 1624 sibi
1164 1563 1244 1624 tam-

106 1683 208 1749 qnam
233 1662 424 1746 Apostolice
442 1663 538 1730 Sedis
553 1663 678 1748 Legato
705 1681 764 1746 pro
782 1662 888 1748 ipsius
905 1665 995 1731 redis
1012 1671 1044 1730 et
1060 1669 1176 1730 nostra
1192 1683 1241 1730 rc-

105 1771 259 1841 vcrentia
276 1777 309 1837 te
325 1771 506 1838 constituas
520 1771 621 1838 verbo
638 1770 830 1838 benivolum
849 1776 881 1836 et
891 1771 985 1838 vultu
1001 1790 1154 1838 serenum
1170 1777 1240 1839 eins

106 1878 298 1950 salubribus
324 1877 457 1946 monitis
474 1883 507 1944 ct
523 1878 689 1965 consiliis,
708 1898 749 1946 ac
764 1879 842 1966 hiis,
859 1899 922 1962 quc
939 1880 999 1946 tibi
1014 1899 1056 1947 ex
1072 1888 1168 1966 parte
1183 1898 1240 1947 no·

105 1997 180 2060 stra
195 1988 351 2074 suaserit,
372 1989 420 2054 ita
437 1986 616 2056 efficaciter
631 1985 843 2072 intendendo,
860 1987 947 2070 qood
964 1988 1151 2074 Episcopus
1166 1989 1239 2072 ipse

102 2111 159 2170 tue
185 2099 288 2166 fultus
314 2096 439 2164 anxilio
466 2096 500 2161 in
528 2096 727 2180 exequenda
760 2095 984 2164 sollicitudine
1015 2094 1192 2180 legationis
1208 2095 1240 2160 ci

101 2208 229 2280 credite
252 2206 358 2294 possit
382 2215 456 2273 cum
472 2204 636 2274 adiutorio
652 2207 714 2272 Dei
738 2205 929 2292 prosperari
945 2204 1086 2287 facilius,
1104 2221 1233 2287 nosque

2 2347 12 2374 ·
102 2326 195 2386 tuam
213 2314 450 2382 Oelsitudinem
476 2313 586 2400 dignis
615 2314 753 2381 laudum
780 2313 948 2402 preconiis
964 2311 1103 2400 proinde
1121 2312 1238 2378 merito

102 2427 295 2494 attolamus.
322 2426 444 2492 Datum
464 2423 853 2492 viterbiix.Ko1sndos
879 2421 1042 2492 Octobris.
1061 2420 1236 2488 Pontifica-

104 2542 158 2604 tus
175 2534 283 2603 nostri
300 2553 387 2602 anno
404 2533 517 2618 primo.

204 2727 270 2798 (Ill.
284 2727 393 2785 Miller
407 2725 485 2801 papa
498 2726 699 2799 Regestbibbl,
713 2725 840 2784 Tbciner
850 2725 887 2782 id.
902 2743 938 2780 m.
952 2723 974 2782 1.
988 2723 1016 2780 k.
1030 2724 1093 2780 329.
1105 2721 1138 2796 l.)
