3142 5170
341 549 375 612 ot
389 552 518 614 nostros
534 563 753 628 successores,
771 544 983 629 expedituros
999 542 1140 629 propriis
1157 543 1327 611 laboribus
1342 561 1380 609 ec
1399 562 1453 609 er·

339 653 452 740 peusis
477 655 582 739 ipsum
610 653 831 720 venerabilem
853 660 980 740 patrem
996 649 1160 718 dominum
1176 653 1308 719 Petrum
1323 651 1452 737 Episco-

341 781 426 846 pum,
443 767 475 826 et
491 763 638 844 ejusdem
654 781 858 828 successores
875 761 918 828 ab
935 759 1079 826 omnium
1095 757 1239 845 accione,
1260 778 1317 826 seu
1333 779 1451 844 graua-

346 869 450 946 mine‚
477 889 571 954 quam
597 871 649 938 uel
665 871 750 954 quod
767 878 880 938 contra
896 868 1034 938 eundem
1052 869 1214 936 dominum
1231 868 1365 936 Petrum
1381 867 1452 951 lipi-

342 997 495 1065 scopum,
522 980 590 1063 ejus
612 997 820 1046 successores
835 1001 894 1067 per
911 979 1056 1046 inclitum
1073 979 1196 1062 Regem
1213 977 1382 1062 Hungarie
1398 997 1453 1061 pro

340 1095 485 1173 temporo
511 1088 723 1170 existentem,
750 1089 804 1155 uel
829 1105 1041 1170 quoscunque
1067 1087 1152 1154 alios
1168 1105 1280 1154 omnes
1304 1103 1454 1170 processu

340 1197 495 1281 temporis
511 1195 589 1261 oriri
604 1198 806 1280 contingeret
830 1195 963 1264 racione
979 1195 1200 1281 possessionis
1224 1200 1390 1275 annotate,
1406 1191 1455 1257 uel

340 1307 382 1374 de
398 1304 519 1372 nostris
535 1303 801 1389 possessionibus
819 1303 1043 1386 hereditariis,
1071 1309 1137 1366 tam
1154 1322 1224 1384 nos,
1242 1319 1339 1384 qnam
1356 1299 1456 1366 nostri

342 1431 548 1482 successores
565 1411 713 1479 dabimus
737 1412 975 1494 equiualcntem
992 1411 1235 1496 possessionem
1252 1409 1316 1496 ipsi
1330 1426 1454 1494 posses-

342 1521 425 1590 sioni
441 1519 695 1608 Scenlmylrlous
723 1527 837 1588 vocate
862 1519 951 1586 dicto
974 1517 1157 1586 venerabili
1173 1518 1261 1604 patri
1275 1517 1407 1584 domino
1423 1517 1455 1581 P.

341 1630 515 1716 Episcopo,
533 1634 566 1696 et
580 1648 639 1713 per
656 1647 728 1694 eum
745 1629 813 1696 suis
831 1627 1094 1709 suecessoribus,
1110 1626 1322 1712 Episcopatui
1345 1625 1456 1690 uideli-

341 1747 391 1806 cet
406 1735 652 1824 Transsiluano,
664 1738 717 1805 uel
733 1757 791 1824 pro
807 1739 881 1822 ipsa
897 1737 1107 1824 possessione
1124 1736 1228 1802 eidem
1246 1733 1376 1802 domino
1386 1732 1457 1817 lipi-

342 1867 440 1933 scopo
457 1855 519 1916 aut
535 1847 750 1934 Episcopatui
766 1865 842 1930 suo,
870 1847 944 1913 sine
960 1845 1049 1912 omni
1065 1845 1205 1930 strepitu
1219 1843 1331 1930 judicii
1349 1863 1457 1909 coram

341 1956 584 2024 venerabilibus
610 1956 690 2023 viris
716 1955 866 2043 capitulo
885 1955 1038 2022 Albensis
1059 1953 1209 2024 Ecclesie
1225 1953 1457 2020 Transsiluane

341 2065 579 2150 quinquaginta
605 2083 734 2132 marcas
760 2063 816 2130 fini
833 2064 962 2148 argenti
979 2063 1217 2147 persolvemus,
1235 2079 1328 2128 secus
1346 2059 1457 2127 facere

342 2178 550 2240 attentantes
576 2191 694 2258 penam
723 2172 835 2258 duppli
861 2173 1073 2239 incurremus.
1090 2171 1173 2237 ltem
1189 2169 1371 2254 obligamus
1402 2187 1456 2234 nos

343 2289 374 2348 et
390 2287 519 2349 nostros
536 2300 761 2363 successores,
778 2289 961 2348 memorata
982 2279 1157 2366 priuilegia
1173 2277 1333 2347 dictorum
1351 2277 1455 2344 dorni-

342 2410 454 2457 norum
464 2391 588 2476 Regum
606 2389 770 2474 exhibere,
788 2409 845 2457 seu
862 2387 1036 2458 ostendere
1052 2409 1163 2458 coram
1179 2389 1325 2457 omnibns
1337 2385 1458 2472 judici·

341 2497 400 2568 bus
418 2501 676 2586 quandocunque
693 2507 799 2567 tractu
816 2499 972 2585 temporis
993 2518 1131 2566 neeesse
1147 2497 1246 2564 inerit
1256 2547 1265 2581 ,
1291 2498 1343 2561 nel
1362 2513 1458 2581 expe·

341 2609 442 2685 diens,
460 2629 521 2692 que
538 2610 712 2695 priuilegia
732 2615 764 2673 et
779 2629 864 2675 nunc
881 2609 989 2674 eidem
1005 2607 1135 2673 domino
1151 2608 1304 2691 episcopo
1321 2603 1452 2671 offerre-

342 2739 422 2804 mus,
432 2718 494 2784 nisi
510 2717 544 2786 in
559 2717 698 2786 hiisdem
714 2718 832 2783 facturn
848 2717 958 2784 tributi
976 2717 1092 2801 nostri,
1108 2726 1140 2783 et
1157 2733 1253 2797 quam
1269 2712 1379 2800 plures
1390 2711 1453 2778 alie

341 2829 568 2914 possessiones
594 2833 705 2894 nostre
729 2833 885 2892 annotate
910 2825 1117 2893 haberentur.
1146 2825 1187 2890 ut
1214 2825 1262 2888 sic
1277 2827 1458 2909 pretectum

341 2937 554 3005 donacionem
579 2957 650 3004 cum
679 2935 888 3022 presentibus
911 2934 1027 3002 litteris
1052 2935 1085 3000 in
1112 2931 1285 3017 premissis
1301 2929 1457 3015 pendenti

341 3045 451 3130 sigillo
466 3053 577 3112 nostro
593 3045 727 3114 fecimus
757 3045 968 3128 communiri,
993 3039 1132 3111 eandem
1157 3029 1389 3108 nichilominus
1406 3038 1457 3104 do-

341 3157 509 3222 nacionem
534 3172 591 3220 scu
616 3155 820 3239 legacionem
845 3155 888 3220 ad
914 3152 1070 3237 majorem
1097 3149 1146 3216 rei
1171 3147 1394 3232 euidentiam,
1410 3147 1454 3212 in-

342 3281 595 3346 concussamque
621 3267 775 3349 perpetuo
801 3261 985 3327 firmitatem
1011 3277 1080 3324 cnm
1105 3255 1348 3344 pacientissime
1367 3265 1454 3323 motu

340 3373 445 3440 cordis
469 3373 572 3438 nostri
596 3373 782 3441 curauimus
809 3389 869 3458 por
895 3367 1119 3455 priuilegiales
1144 3368 1271 3435 litteras
1287 3363 1456 3431 memorati

342 3479 484 3568 capituli
502 3481 657 3550 Albensis
673 3481 821 3548 Ecclesia
838 3479 1001 3547 roborare.
1017 3479 1140 3544 Datum
1155 3475 1238 3542 Albe
1247 3525 1256 3558 ,
1284 3476 1315 3538 in
1331 3473 1455 3541 Sancto

341 3589 478 3673 Sabate,
496 3607 583 3658 anno
600 3588 734 3658 Domini
749 3585 872 3655 M⁰.OO.
889 3639 897 3655 .
916 3635 924 3652 .
942 3635 949 3650 .
966 3587 1068 3654 esimo
1085 3592 1214 3652 octavo.

342 3783 484 3857 (Teutsch
496 3783 528 3841 es
538 3783 708 3855 Firnhaber,
719 3781 955 3842 Urhundenbueh
968 3799 1019 3838 zur
1032 3779 1208 3837 Geschiehte
1222 3777 1455 3849 Siebenbtlrgenn

423 3877 443 3932 l.
463 3875 490 3932 lu.
506 3877 566 3932 142.
581 3877 599 3932 l.
612 3874 682 3948 lgen
695 3875 806 3936 rossnul
818 3872 954 3945 Fejernel
967 3873 1034 3930 eod.
1048 3873 1126 3944 Dipl.
1141 3870 1175 3928 V.
1190 3871 1217 3926 lr.
1230 3871 1256 3924 3.
1271 3889 1292 3926 r.
1306 3869 1374 3934 lte)

766 4175 1033 4191 m
