3142 5170
604 315 760 418 „en-

128 513 352 600 inpeuderunt,
370 515 596 598 attendentes,
623 516 837 597 volentesque
857 535 916 600 pro
931 521 1026 584 tanto
1041 515 1124 601 ipsis
1139 535 1240 581 remu-

129 621 309 690 neracionis
319 619 477 688 beneficio
494 640 661 689 occurrere
677 623 782 709 Regio
798 643 870 690 oum
885 624 1008 708 fanore,
1019 624 1130 691 habito
1146 643 1243 710 super

128 730 186 798 hoo
210 729 243 793 in
269 729 416 814 generali
442 729 705 814 congregacione
721 730 827 797 tocius
842 730 947 814 Regni
963 734 1066 799 nostri
1082 734 1113 796 in
1129 733 1242 800 Rakus

129 838 303 922 celebrate,
319 837 461 919 omnium
477 837 680 905 Prelntcrum
703 842 737 903 et
760 839 928 906 Beronum
953 846 1138 908 nostrornm
1168 860 1241 907 con-

128 945 199 1014 silio
215 951 250 1014 et
265 963 435 1029 consensu,
451 945 631 1030 predictam
648 953 787 1029 terram,
814 947 847 1012 in
863 969 929 1032 qua
945 948 1079 1032 quidem
1096 949 1240 1032 flcuran,

127 1055 209 1122 sieut
223 1054 448 1141 premisimus,
466 1055 544 1121 olim
560 1055 748 1138 residebat,
775 1074 848 1122 cum
873 1056 1024 1123 omnibus
1048 1056 1244 1124 utilitatibus

128 1169 160 1230 et
174 1163 387 1250 pertinencijs
402 1163 471 1232 suis
487 1164 656 1249 uniuersis,
674 1162 718 1232 ad
728 1165 835 1232 instar
845 1163 1039 1235 donacionis
1051 1165 1152 1250 Regis
1162 1165 1244 1234 Belo

127 1271 180 1338 eui
196 1271 310 1358 nostri,
326 1273 419 1340 iuxta
434 1278 580 1340 tenorem
603 1273 769 1358 priuilegij
795 1272 965 1359 eiusdem,
988 1273 1170 1360 prenotatis
1187 1273 1244 1340 Ni·

129 1377 224 1447 colao
249 1384 283 1445 et
306 1378 473 1462 Marcello,
498 1398 539 1446 ac
554 1380 697 1467 ipsorum
724 1379 900 1449 heredibus
917 1380 1194 1450 descendentibus
1210 1383 1244 1448 in

126 1488 267 1554 futurum
284 1487 327 1554 de
352 1488 485 1574 eisdem,
511 1487 701 1572 reliquimus
725 1495 883 1576 perpetuo
908 1487 1046 1575 pacifice
1072 1491 1242 1574 possiden-

125 1596 220 1681 dam3
246 1593 403 1679 volentes,
421 1601 456 1661 ut
471 1614 612 1681 presens
631 1601 745 1664 nostra
760 1596 958 1663 ratihabieic
975 1603 1007 1664 et
1022 1596 1241 1683 confirmacio,

124 1701 244 1791 prioris
260 1703 449 1772 donacionis
466 1703 590 1773 domiui
606 1705 707 1785 Regis
722 1705 801 1773 Bele
817 1703 873 1772 sui
888 1705 992 1771 nostri
1007 1713 1202 1791 perpetuum
1214 1713 1247 1774 et

124 1809 343 1878 irreuocnbile
367 1813 411 1879 sit
434 1813 608 1880 munimen.
635 1811 675 1876 In
692 1815 784 1888 cuius
804 1813 852 1881 rei
867 1813 1057 1879 memoriam
1074 1822 1106 1880 et
1122 1833 1245 1902 perpe-

123 1927 213 1987 tuam
228 1918 414 1989 firmitatem
429 1907 600 2006 presentes
628 1923 849 1991 concessimus
875 1921 1003 1990 litteras
1029 1921 1169 2010 duplicis
1195 1924 1244 1990 si·

122 2031 198 2116 gilli
213 2031 319 2098 nostri
333 2031 510 2098 munimine
526 2031 709 2098 roboratas.
737 2029 855 2099 Datum
872 2051 929 2117 per
945 2049 1062 2099 manns
1079 2028 1247 2098 venerabi·

120 2139 163 2206 lis
179 2138 286 2224 patris
302 2137 427 2206 Thome
442 2135 505 2205 Dei
520 2139 636 2224 gracia
651 2139 809 2225 Episcopi
821 2138 1016 2224 Wacieusis,
1033 2139 1110 2207 sule
1135 2142 1248 2206 nostre

119 2245 336 2334 (ieneellerij,
353 2246 465 2315 dilecti
492 2253 526 2313 et
552 2246 660 2316 fidelis
676 2251 791 2332 nostri,
810 2267 897 2315 nuno
912 2249 1046 2315 Domini
1061 2246 1113 2314 Μ’
1128 2247 1248 2314 duceu-

120 2357 244 2426 tesimo
261 2359 483 2442 octuagesimo
500 2363 605 2442 sexto,
622 2357 762 2442 septimo
788 2355 864 2424 Idus
889 2355 981 2442 Julij,
1007 2357 1110 2442 Regni
1135 2363 1246 2424 autem

118 2466 231 2533 nostri
247 2485 335 2534 unco
352 2464 607 2555 quartodecimo.

235 2663 346 2732 laycus.
368 2659 503 2718 Eredetie
516 2657 685 2734 birhirtys,
698 2658 833 2734 melynek
846 2657 907 2716 sluil
916 2657 1066 2732 felhnjtott
1078 2657 1251 2716 husedeksi-

115 2753 169 2808 bol
195 2756 285 2810 viriis
308 2750 340 2809 es
352 2751 410 2809 kek
431 2752 586 2824 eelyemub'l
597 2751 688 2824 fflggii
700 2750 819 2824 poenite
831 2750 964 2825 rongybe
976 2768 1034 2810 neu
1046 2767 1146 2818 verus,
1160 2750 1248 2824 mely-

114 2842 178 2900 ben
194 2844 272 2914 apro
283 2841 447 2900 dursbokru
457 2844 679 2900 morzsoltstott.
690 2841 989 2902 AHmt-Pssmsntol
999 2841 1111 2899 eredett
1119 2839 1251 2914 Kubiuyi

114 2930 295 3006 nemzetsig
310 2931 512 2992 leveltirdbol.
531 2919 613 3003 iirdy.

567 3243 819 3256 m
