3142 5170
329 1111 394 1176 III.
421 1111 582 1176 Honorius
599 1114 692 1198 popu
716 1133 738 1173 o
762 1109 885 1198 ieoyyal
910 1112 941 1180 60
965 1134 987 1176 a
1002 1109 1182 1176 saluoouioi
1196 1112 1451 1200 immodestiae

329 1219 579 1305 Muqyarorsqu
603 1221 635 1283 es
659 1243 680 1283 α
706 1217 860 1284 amau
883 1219 1016 1285 oidikok
1033 1217 1209 1305 fliuros'hoe
1224 1223 1257 1286 ὡ
1271 1221 1451 1288 menaea

631 1347 821 1413 uoyauaaou
837 1328 1025 1394 arteiembao.
1051 1329 1147 1394 1287.

438 1524 601 1592 Honorius
627 1523 808 1609 Episcopus
832 1543 948 1592 servus
964 1543 1133 1593 servorum
1150 1525 1214 1591 Dei
1228 1523 1360 1592 dileetis
1376 1527 1451 1594 filiis

328 1631 493 1700 nobilibus
517 1631 596 1701 viris
611 1630 748 1698 Polouie
765 1651 806 1700 ao
831 1629 1018 1711 Selavouie,
1037 1633 1176 1715 aliisque
1191 1633 1350 1718 Ducibus,
1369 1635 1450 1701 Mar·
1555 1709 1556 1740 Ξ

328 1739 501 1808 ultionibus
511 1787 519 1820 ,
537 1738 723 1806 Comitibus
748 1747 783 1806 et
796 1740 980 1807 Batonibus
997 1761 1037 1806 ae
1053 1741 1206 1808 universo
1222 1742 1343 1828 populo
1360 1740 1446 1810 Ghri-
1555 1805 1556 1810 ,

331 1848 375 1915 sti
390 1846 542 1915 fidelibus
558 1865 616 1931 per
631 1847 778 1930 Regnum
790 1845 937 1932 ngario
952 1866 994 1914 ao
1009 1849 1096 1914 alias
1112 1846 1364 1934 oiruumposiias
1381 1870 1451 1936 pro-

328 1951 449 2022 vintias
466 1951 653 2021 sonoritatis
670 1955 863 2022 salutemet
880 1956 1104 2042 spostouoam
1128 1955 1400 2024 benedietiouem.
1417 1958 1451 2026 Si
1555 1949 1556 2042 J

327 2079 448 2147 sparsa
472 2060 598 2129 semina
624 2069 683 2128 ete.
709 2068 744 2128 ut
764 2081 866 2148 supra
881 2063 994 2132 verbis
1011 2069 1234 2150 eompeteuter
1249 2066 1382 2134 mutatis
1398 2085 1449 2132 us·
1555 2111 1556 2158 3

327 2186 391 2252 que
407 2165 552 2236 redueat.
569 2169 614 2238 Ut
626 2169 727 2255 igitur
742 2169 828 2238 idem
854 2171 1133 2258 Arohiepisoopus
1158 2178 1311 2256 tauquam
1327 2171 1452 2240 Christi
1555 2259 1556 2264 ἵ

325 2278 498 2361 operarius
523 2277 636 2345 utilius
661 2277 819 2362 profluere
835 2279 957 2364 valeat,
974 2280 1220 2348 universitatem
1236 2286 1382 2348 vestram
1398 2301 1451 2347 ro·

329 2401 445 2467 gamus
462 2391 495 2450 et
509 2381 686 2466 hortamur,
703 2403 743 2450 ao
758 2384 791 2450 iu
809 2385 1036 2454 remissionem
1052 2387 1147 2454 vobis
1164 2387 1388 2474 peooamiuum
1404 2387 1451 2452 iu·

326 2489 523 2572 iungentes,
548 2497 712 2574 quatenus
737 2491 969 2578 attendentes,
993 2495 1080 2577 quod
1105 2513 1164 2580 per
1181 2492 1243 2561 hoo
1259 2501 1373 2579 posset
1390 2495 1449 2562 Ga

324 2596 445 2663 thoiiee
462 2595 540 2664 fidei
556 2597 716 2683 deperire,
733 2606 847 2666 eontra
856 2597 1022 2680 Tartarus,
1035 2602 1246 2684 Sarracenos,
1258 2601 1451 2687 Naugerius,
1555 2593 1556 2596 '

326 2704 480 2788 Paguuos
505 2710 538 2770 et
562 2705 647 2772 aiios
671 2705 838 2791 predistos
855 2705 960 2774 eidem
976 2709 1236 2796 Arohiepisoopo
1252 2709 1296 2776 ad
1311 2709 1450 2792 requisi·

325 2812 445 2878 tionem
470 2812 518 2880 sio
534 2811 758 2880 favorabiliter
776 2815 935 2884 assistere
951 2818 1131 2901 studeatis,
1158 2817 1246 2900 quod
1267 2816 1451 2884 huiusmodi

324 2918 483 3002 repressis
509 2919 672 2987 erroribus
698 2922 793 2989 vobis
810 2922 907 2990 oedat
933 2925 976 2992 ud
992 2925 1102 2993 laudis
1119 2925 1231 2991 titulos
1247 2932 1280 2992 et
1296 2925 1450 2991 salutem.

325 3026 446 3094 Datum
462 3028 565 3095 Rome
581 3029 671 3113 apud
687 3029 841 3097 Sauetam
858 3031 1013 3098 Sabinam
1040 3033 1116 3100 1111.
1133 3034 1211 3102 Idus
1227 3034 1332 3102 Martii
1350 3033 1450 3118 (Pou-

325 3131 468 3202 tifiostus
485 3137 603 3221 nostri)
621 3155 707 3203 auno
723 3139 877 3206 seeundo.

385 3327 446 3398 (111.
460 3327 606 3386 Honorius
621 3329 700 3403 papa
714 3329 914 3404 Regeataibol‚
929 3331 1057 3394 Theiuer
1070 3335 1108 3389 id.
1122 3353 1158 3390 m.
1171 3337 1193 3392 1.
1208 3335 1268 3392 iret.
1281 3336 1341 3392 355.
1352 3334 1387 3407 l.)
