3142 5164
829 301 986 412 ”d-iil*

342 503 508 572 soniensis
525 502 570 572 ad
585 507 731 570 nostram
761 498 926 569 accedens
951 499 1161 586 presenciam
1185 499 1281 568 uobis
1306 499 1472 566 humiliter

344 611 566 700 supplicavit,
593 619 628 678 vt
644 612 810 694 quandam
834 617 955 678 terram
971 609 1118 677 Plumour
1134 615 1285 677 uocatam
1295 655 1306 689 ,
1333 627 1473 676 vacuam

343 729 377 787 et
392 721 637 788 habitatoribus
662 718 874 805 destitutam,
901 717 946 785 ad
963 717 1163 786 comitatum
1184 716 1349 802 Vntumpa
1373 717 1473 804 perti·

343 833 488 913 nentem,
506 826 549 897 de
574 827 778 913 benignitate
803 826 910 912 Regia
935 827 1041 895 eidem
1076 825 1226 895 conferre
1252 827 1473 910 dignaremur.

344 937 415 1004 Nos
430 937 531 1023 igitur
557 936 777 1006 consideratis
801 935 1018 1004 fidelitatibus
1040 940 1074 1002 et
1100 935 1313 1004 sernieiorum
1338 934 1474 1022 meritis,

344 1065 409 1129 que
424 1047 520 1114 nobis
536 1045 570 1111 in
586 1045 660 1130 ipso
676 1042 833 1111 suburbio
849 1045 1043 1113 Posoniensi
1068 1047 1301 1114 commorando
1318 1041 1419 1133 (lgy),
1444 1053 1474 1112 et

347 1155 538 1241 specialiter
565 1159 680 1221 contra
695 1151 883 1221 Johannem
900 1151 1001 1220 filium
1018 1153 1107 1220 Petri
1127 1153 1292 1237 quondam
1308 1151 1475 1221 duriorem

346 1263 506 1330 (tomitem
522 1263 774 1348 Posouiensem‚
798 1261 855 1344 qni
870 1261 947 1328 labe
962 1260 1167 1331 infidelitatis
1191 1265 1338 1351 repletus
1355 1261 1475 1330 dictum

346 1377 490 1438 castrum
514 1375 658 1437 nostrum
673 1367 876 1438 Posoniense
904 1375 1018 1435 contra
1037 1389 1099 1439 nos
1124 1369 1207 1438 inire
1234 1372 1474 1458 antemptabat

344 1479 485 1548 fideliter
500 1482 534 1546 et
548 1485 681 1546 strenue
705 1478 866 1565 inpendit,
885 1478 991 1565 ipsam
1018 1485 1139 1545 terram
1154 1478 1292 1546 Plumou
1308 1501 1331 1548 a
1350 1481 1431 1567 jure
1445 1485 1476 1546 et

341 1587 578 1675 jurisdiccione
604 1585 787 1654 Comitatus
824 1586 865 1652 de
892 1588 1052 1674 Vutumpa
1076 1593 1251 1674 exceptam
1285 1589 1421 1675 penitus
1445 1595 1475 1656 et

343 1703 532 1782 exemptam
558 1696 774 1773 contulimus,
798 1695 949 1764 dedimus
973 1703 1006 1764 et
1030 1695 1227 1764 donauimus
1251 1697 1318 1784 ipsi
1344 1697 1472 1766 Jacobs

343 1805 475 1889 villico,
508 1809 541 1870 ot
573 1823 634 1890 per
666 1823 741 1869 eum
773 1804 842 1872 suis
876 1803 1050 1872 heredibus
1085 1803 1308 1889 heredumque
1341 1825 1471 1872 suorum

343 1911 594 1980 suecessoribus
619 1921 778 1996 perpetuo
805 1916 838 1978 et
854 1909 1118 1978 irreuocabiliter
1142 1910 1282 1994 pacifice
1304 1913 1473 1997 possiden·

346 2021 435 2088 dam.
461 2021 498 2086 ln
515 2019 607 2087 cuius
624 2019 674 2085 rei
698 2021 889 2087 memoriam
915 2025 1176 2106 perpetuamque
1201 2018 1391 2087 firmitatem
1407 2043 1472 2108 pre-

186 2158 190 2168 ·
291 2203 294 2209 A
346 2135 457 2194 sentes
473 2129 694 2196 eoncessimus
720 2129 849 2196 litteras
876 2127 1020 2215 duplicis
1041 2128 1144 2213 sigilli
1169 2127 1272 2196 nostri
1298 2129 1473 2197 munimine

346 2236 530 2304 roboratas.
555 2239 678 2305 Datum
694 2257 753 2323 per
768 2257 887 2304 manus
908 2236 1108 2304 venerabilis
1124 2235 1187 2304 uiri
1203 2236 1356 2322 magistri
1376 2239 1472 2304 delno-

347 2342 399 2408 nis
428 2343 504 2408 aule
535 2351 644 2410 nostre
669 2341 987 2430 Vico-Cancellarij,
1020 2343 1132 2412 dilecti
1162 2351 1196 2411 et
1219 2343 1330 2412 tidelis
1364 2345 1471 2429 nostri,

347 2469 434 2518 anno
465 2451 599 2518 Domini
624 2453 674 2519 ll⁰
699 2453 778 2522 00⁰.
807 2455 1055 2540 octuagesimo,
1089 2455 1194 2539 Regni
1226 2461 1339 2521 autem
1373 2454 1470 2522 nostri

347 2577 434 2625 auno
451 2565 580 2628 octauo.

517 2770 575 2844 (Au
589 2773 698 2831 sredcti
712 2771 789 2845 ulan,
803 2773 927 2846 melyrdl
941 2792 959 2830 a
972 2771 1069 2848 kira'tly
1082 2772 1200 2846 peosdte
1213 2773 1307 2847 fiigg.)

777 3086 1050 3106 ...........-,,........,
