<?xml version="1.0" encoding="UTF-8"?>
<!DOCTYPE html PUBLIC "-//W3C//DTD XHTML 1.0 Transitional//EN"
    "http://www.w3.org/TR/xhtml1/DTD/xhtml1-transitional.dtd">
<html xmlns="http://www.w3.org/1999/xhtml" xml:lang="en" lang="en">
 <head>
  <title>
</title>
<meta http-equiv="Content-Type" content="text/html;charset=utf-8" />
  <meta name='ocr-system' content='tesseract 3.04.00' />
  <meta name='ocr-capabilities' content='ocr_page ocr_carea ocr_par ocr_line ocrx_word'/>
</head>
<body>
  <div class='ocr_page' id='page_1' title='image "./codexdiplomatic08wenzgoog_0262.png"; bbox 0 0 3142 5164; ppageno 0'>
   <div class='ocr_carea' id='block_1_1' title="bbox 811 339 967 448">
    <p class='ocr_par' dir='ltr' id='par_1_1' title="bbox 811 339 967 448">
     <span class='ocr_line' id='line_1_1' title="bbox 811 339 967 448; baseline 0 -40"><span class='ocrx_word' id='word_1_1' title='bbox 811 339 967 448; x_wconf 44' lang='lat'><strong>—23—2-</strong></span> 
     </span>
    </p>
   </div>
   <div class='ocr_carea' id='block_1_2' title="bbox 328 531 1449 1056">
    <p class='ocr_par' dir='ltr' id='par_1_2' title="bbox 328 531 1449 1056">
     <span class='ocr_line' id='line_1_2' title="bbox 330 531 1447 622; baseline -0.002 -18"><span class='ocrx_word' id='word_1_2' title='bbox 330 533 485 604; x_wconf 88' lang='lat' dir='ltr'><strong>humilem</strong></span> <span class='ocrx_word' id='word_1_3' title='bbox 509 533 706 621; x_wconf 80' lang='lat' dir='ltr'><strong>peticionem</strong></span> <span class='ocrx_word' id='word_1_4' title='bbox 731 533 950 622; x_wconf 87' lang='lat' dir='ltr'><strong>predictorum</strong></span> <span class='ocrx_word' id='word_1_5' title='bbox 975 531 1096 602; x_wconf 77' lang='lat' dir='ltr'><strong>iacobi</strong></span> <span class='ocrx_word' id='word_1_6' title='bbox 1120 538 1155 602; x_wconf 86' lang='lat' dir='ltr'><strong>et</strong></span> <span class='ocrx_word' id='word_1_7' title='bbox 1175 533 1331 621; x_wconf 75' lang='lat' dir='ltr'><strong>eryngen</strong></span> <span class='ocrx_word' id='word_1_8' title='bbox 1357 532 1447 621; x_wconf 83' lang='lat' dir='ltr'><strong>Oapi·</strong></span> 
     </span>
     <span class='ocr_line' id='line_1_3' title="bbox 330 641 1449 730; baseline -0.002 -18"><span class='ocrx_word' id='word_1_9' title='bbox 330 646 399 714; x_wconf 88' lang='lat' dir='ltr'><strong>tulo</strong></span> <span class='ocrx_word' id='word_1_10' title='bbox 415 642 657 730; x_wconf 89' lang='lat' dir='ltr'><strong>Vesprimieosi</strong></span> <span class='ocrx_word' id='word_1_11' title='bbox 682 641 834 711; x_wconf 76' lang='lat' dir='ltr'>dedimus</span> <span class='ocrx_word' id='word_1_12' title='bbox 851 643 885 710; x_wconf 92' lang='lat' dir='ltr'><strong>in</strong></span> <span class='ocrx_word' id='word_1_13' title='bbox 901 642 1089 727; x_wconf 82' lang='lat' dir='ltr'><strong>mandatis,</strong></span> <span class='ocrx_word' id='word_1_14' title='bbox 1116 645 1152 709; x_wconf 86' lang='lat' dir='ltr'><strong>rt</strong></span> <span class='ocrx_word' id='word_1_15' title='bbox 1167 641 1316 727; x_wconf 88' lang='lat' dir='ltr'><strong>ipsorum</strong></span> <span class='ocrx_word' id='word_1_16' title='bbox 1336 645 1449 712; x_wconf 87' lang='lat' dir='ltr'><strong>cousti-</strong></span> 
     </span>
     <span class='ocr_line' id='line_1_4' title="bbox 330 749 1449 839; baseline 0 -18"><span class='ocrx_word' id='word_1_17' title='bbox 330 759 459 821; x_wconf 87' lang='lat' dir='ltr'><strong>tuereut</strong></span> <span class='ocrx_word' id='word_1_18' title='bbox 474 751 699 820; x_wconf 88' lang='lat' dir='ltr'><strong>testimonium</strong></span> <span class='ocrx_word' id='word_1_19' title='bbox 715 754 891 839; x_wconf 85' lang='lat' dir='ltr'><strong>ydoneum,</strong></span> <span class='ocrx_word' id='word_1_20' title='bbox 909 771 1021 821; x_wconf 85' lang='lat' dir='ltr'><strong>eoram</strong></span> <span class='ocrx_word' id='word_1_21' title='bbox 1037 771 1102 835; x_wconf 88' lang='lat' dir='ltr'><strong>quo</strong></span> <span class='ocrx_word' id='word_1_22' title='bbox 1112 752 1229 820; x_wconf 85' lang='lat' dir='ltr'><strong>Petrus</strong></span> <span class='ocrx_word' id='word_1_23' title='bbox 1243 749 1331 820; x_wconf 92' lang='lat' dir='ltr'><strong>filius</strong></span> <span class='ocrx_word' id='word_1_24' title='bbox 1347 751 1449 822; x_wconf 82' lang='lat' dir='ltr'><strong>Pouet</strong></span> 
     </span>
     <span class='ocr_line' id='line_1_5' title="bbox 328 859 1447 946; baseline -0.002 -20"><span class='ocrx_word' id='word_1_25' title='bbox 328 859 427 928; x_wconf 90' lang='lat' dir='ltr'><strong>homo</strong></span> <span class='ocrx_word' id='word_1_26' title='bbox 444 867 556 926; x_wconf 90' lang='lat' dir='ltr'><strong>noster</strong></span> <span class='ocrx_word' id='word_1_27' title='bbox 571 859 745 928; x_wconf 87' lang='lat' dir='ltr'><strong>accederet</strong></span> <span class='ocrx_word' id='word_1_28' title='bbox 769 879 871 946; x_wconf 89' lang='lat' dir='ltr'><strong>super</strong></span> <span class='ocrx_word' id='word_1_29' title='bbox 888 859 1010 928; x_wconf 80' lang='lat' dir='ltr'><strong>faciem</strong></span> <span class='ocrx_word' id='word_1_30' title='bbox 1026 866 1114 927; x_wconf 89' lang='lat' dir='ltr'><strong>terre</strong></span> <span class='ocrx_word' id='word_1_31' title='bbox 1137 859 1315 928; x_wconf 90' lang='lat' dir='ltr'><strong>eorundem</strong></span> <span class='ocrx_word' id='word_1_32' title='bbox 1334 860 1447 928; x_wconf 85' lang='lat' dir='ltr'><strong>ducen-</strong></span> 
     </span>
     <span class='ocr_line' id='line_1_6' title="bbox 330 968 1447 1056; baseline 0.002 -22"><span class='ocrx_word' id='word_1_33' title='bbox 330 975 436 1035; x_wconf 90' lang='lat' dir='ltr'><strong>torum</strong></span> <span class='ocrx_word' id='word_1_34' title='bbox 452 969 619 1054; x_wconf 82' lang='lat' dir='ltr'><strong>iugerum,</strong></span> <span class='ocrx_word' id='word_1_35' title='bbox 647 976 682 1036; x_wconf 89' lang='lat' dir='ltr'><strong>ct</strong></span> <span class='ocrx_word' id='word_1_36' title='bbox 696 971 740 1036; x_wconf 87' lang='lat' dir='ltr'><strong>ad</strong></span> <span class='ocrx_word' id='word_1_37' title='bbox 757 969 864 1054; x_wconf 89' lang='lat' dir='ltr'><strong>ipsum</strong></span> <span class='ocrx_word' id='word_1_38' title='bbox 892 968 1137 1056; x_wconf 69' lang='lat' dir='ltr'><strong>molendinum</strong></span> <span class='ocrx_word' id='word_1_39' title='bbox 1159 975 1194 1037; x_wconf 87' lang='lat' dir='ltr'><strong>et</strong></span> <span class='ocrx_word' id='word_1_40' title='bbox 1209 969 1317 1055; x_wconf 83' lang='lat' dir='ltr'><strong>ipsum</strong></span> <span class='ocrx_word' id='word_1_41' title='bbox 1334 976 1447 1038; x_wconf 85' lang='lat' dir='ltr'><strong>terram</strong></span> 
     </span>
    </p>
   </div>
   <div class='ocr_carea' id='block_1_3' title="bbox 328 1059 1552 1163">
    <p class='ocr_par' dir='ltr' id='par_1_3' title="bbox 328 1059 1552 1163">
     <span class='ocr_line' id='line_1_7' title="bbox 328 1059 1552 1163; baseline -0.002 -19"><span class='ocrx_word' id='word_1_42' title='bbox 328 1099 369 1144; x_wconf 91' lang='lat' dir='ltr'><strong>ac</strong></span> <span class='ocrx_word' id='word_1_43' title='bbox 387 1077 510 1144; x_wconf 87' lang='lat' dir='ltr'><strong>dietum</strong></span> <span class='ocrx_word' id='word_1_44' title='bbox 526 1078 755 1160; x_wconf 81' lang='lat' dir='ltr'>molendinum,</span> <span class='ocrx_word' id='word_1_45' title='bbox 774 1078 803 1142; x_wconf 92' lang='lat' dir='ltr'><strong>si</strong></span> <span class='ocrx_word' id='word_1_46' title='bbox 820 1097 881 1144; x_wconf 91' lang='lat' dir='ltr'><strong>non</strong></span> <span class='ocrx_word' id='word_1_47' title='bbox 899 1078 1058 1146; x_wconf 80' lang='lat' dir='ltr'><strong>existeret</strong></span> <span class='ocrx_word' id='word_1_48' title='bbox 1074 1077 1194 1163; x_wconf 85' lang='lat' dir='ltr'><strong>aliquis</strong></span> <span class='ocrx_word' id='word_1_49' title='bbox 1219 1076 1448 1162; x_wconf 77' lang='lat' dir='ltr'><strong>contradictor,</strong></span> <span class='ocrx_word' id='word_1_50' title='bbox 1551 1059 1552 1084; x_wconf 51' lang='lat'>³</span> 
     </span>
    </p>
   </div>
   <div class='ocr_carea' id='block_1_4' title="bbox 327 1186 1447 1488">
    <p class='ocr_par' dir='ltr' id='par_1_4' title="bbox 327 1186 1447 1488">
     <span class='ocr_line' id='line_1_8' title="bbox 329 1186 1447 1275; baseline 0.004 -25"><span class='ocrx_word' id='word_1_51' title='bbox 329 1187 489 1271; x_wconf 84' lang='lat' dir='ltr'><strong>predictis</strong></span> <span class='ocrx_word' id='word_1_52' title='bbox 515 1187 642 1254; x_wconf 85' lang='lat' dir='ltr'><strong>Jacobo</strong></span> <span class='ocrx_word' id='word_1_53' title='bbox 670 1195 702 1258; x_wconf 87' lang='lat' dir='ltr'><strong>et</strong></span> <span class='ocrx_word' id='word_1_54' title='bbox 728 1186 882 1275; x_wconf 79' lang='lat' dir='ltr'><strong>Grysgon</strong></span> <span class='ocrx_word' id='word_1_55' title='bbox 907 1193 1086 1271; x_wconf 83' lang='lat' dir='ltr'><strong>statueret,</strong></span> <span class='ocrx_word' id='word_1_56' title='bbox 1112 1207 1133 1251; x_wconf 88' lang='lat' dir='ltr'><strong>a</strong></span> <span class='ocrx_word' id='word_1_57' title='bbox 1157 1193 1247 1254; x_wconf 86' lang='lat' dir='ltr'><strong>terra</strong></span> <span class='ocrx_word' id='word_1_58' title='bbox 1276 1188 1447 1254; x_wconf 88' lang='lat' dir='ltr'><strong>eorundem</strong></span> 
     </span>
     <span class='ocr_line' id='line_1_9' title="bbox 329 1293 1446 1382; baseline -0.003 -19"><span class='ocrx_word' id='word_1_59' title='bbox 329 1295 546 1363; x_wconf 82' lang='lat' dir='ltr'><strong>caniterornn</strong></span> <span class='ocrx_word' id='word_1_60' title='bbox 570 1296 782 1380; x_wconf 84' lang='lat' dir='ltr'><strong>distingendo</strong></span> <span class='ocrx_word' id='word_1_61' title='bbox 809 1303 843 1362; x_wconf 89' lang='lat' dir='ltr'><strong>ct</strong></span> <span class='ocrx_word' id='word_1_62' title='bbox 869 1297 1066 1381; x_wconf 84' lang='lat' dir='ltr'><strong>separando.</strong></span> <span class='ocrx_word' id='word_1_63' title='bbox 1090 1293 1187 1373; x_wconf 79' lang='lat' dir='ltr'><strong>Quod</strong></span> <span class='ocrx_word' id='word_1_64' title='bbox 1207 1295 1339 1380; x_wconf 88' lang='lat' dir='ltr'><strong>quidem</strong></span> <span class='ocrx_word' id='word_1_65' title='bbox 1356 1296 1446 1382; x_wconf 78' lang='lat' dir='ltr'><strong>Capi·</strong></span> 
     </span>
     <span class='ocr_line' id='line_1_10' title="bbox 327 1402 999 1488; baseline -0.003 -18"><span class='ocrx_word' id='word_1_66' title='bbox 327 1405 432 1472; x_wconf 89' lang='lat' dir='ltr'><strong>tulum</strong></span> <span class='ocrx_word' id='word_1_67' title='bbox 448 1403 542 1472; x_wconf 90' lang='lat' dir='ltr'><strong>nobis</strong></span> <span class='ocrx_word' id='word_1_68' title='bbox 559 1402 727 1488; x_wconf 79' lang='lat' dir='ltr'><strong>rescripsit</strong></span> <span class='ocrx_word' id='word_1_69' title='bbox 743 1405 776 1469; x_wconf 89' lang='lat' dir='ltr'><strong>in</strong></span> <span class='ocrx_word' id='word_1_70' title='bbox 792 1403 855 1470; x_wconf 89' lang='lat' dir='ltr'><strong>hee</strong></span> <span class='ocrx_word' id='word_1_71' title='bbox 871 1404 974 1471; x_wconf 90' lang='lat' dir='ltr'><strong>rerba</strong></span> <span class='ocrx_word' id='word_1_72' title='bbox 990 1425 999 1468; x_wconf 76' lang='grc' dir='ltr'><strong><em>ε</em></strong></span> 
     </span>
    </p>
   </div>
   <div class='ocr_carea' id='block_1_5' title="bbox 328 1528 1449 1824">
    <p class='ocr_par' dir='ltr' id='par_1_5' title="bbox 328 1528 1449 1824">
     <span class='ocr_line' id='line_1_11' title="bbox 436 1528 1446 1619; baseline 0.004 -25"><span class='ocrx_word' id='word_1_73' title='bbox 436 1528 722 1596; x_wconf 83' lang='lat' dir='ltr'><strong>Excellentissimo</strong></span> <span class='ocrx_word' id='word_1_74' title='bbox 739 1531 871 1607; x_wconf 85' lang='lat' dir='ltr'><strong>domino</strong></span> <span class='ocrx_word' id='word_1_75' title='bbox 889 1549 947 1599; x_wconf 91' lang='lat' dir='ltr'><strong>suo</strong></span> <span class='ocrx_word' id='word_1_76' title='bbox 964 1531 1125 1601; x_wconf 83' lang='lat' dir='ltr'><strong>LadisIao</strong></span> <span class='ocrx_word' id='word_1_77' title='bbox 1144 1533 1205 1598; x_wconf 89' lang='lat' dir='ltr'><strong>Dei</strong></span> <span class='ocrx_word' id='word_1_78' title='bbox 1231 1533 1345 1619; x_wconf 85' lang='lat' dir='ltr'><strong>gracia</strong></span> <span class='ocrx_word' id='word_1_79' title='bbox 1369 1533 1446 1616; x_wconf 78' lang='lat' dir='ltr'><strong>Regi</strong></span> 
     </span>
     <span class='ocr_line' id='line_1_12' title="bbox 330 1635 1449 1723; baseline 0.005 -23"><span class='ocrx_word' id='word_1_80' title='bbox 330 1635 497 1722; x_wconf 79' lang='lat' dir='ltr'><strong>Hungarie</strong></span> <span class='ocrx_word' id='word_1_81' title='bbox 524 1639 587 1703; x_wconf 77' lang='lat' dir='ltr'><strong>sib.</strong></span> <span class='ocrx_word' id='word_1_82' title='bbox 614 1643 796 1714; x_wconf 77' lang='lat' dir='ltr'><strong>(kuvctkezik</strong></span> <span class='ocrx_word' id='word_1_83' title='bbox 823 1651 1013 1722; x_wconf 80' lang='lat' dir='ltr'><strong>avesrprdmi</strong></span> <span class='ocrx_word' id='word_1_84' title='bbox 1038 1651 1175 1723; x_wconf 83' lang='lat' dir='ltr'><strong>kdptalan</strong></span> <span class='ocrx_word' id='word_1_85' title='bbox 1197 1649 1358 1722; x_wconf 68' lang='lat' dir='ltr'><strong>jelentese,</strong></span> <span class='ocrx_word' id='word_1_86' title='bbox 1385 1651 1449 1706; x_wconf 88' lang='lat' dir='ltr'><strong>mint</strong></span> 
     </span>
     <span class='ocr_line' id='line_1_13' title="bbox 328 1751 614 1824; baseline -0.003 -16"><span class='ocrx_word' id='word_1_87' title='bbox 328 1753 413 1808; x_wconf 76' lang='lat' dir='ltr'><strong>ala&#39;cbb</strong></span> <span class='ocrx_word' id='word_1_88' title='bbox 432 1753 503 1807; x_wconf 75' lang='lat'>142.</span> <span class='ocrx_word' id='word_1_89' title='bbox 521 1773 559 1807; x_wconf 83' lang='lat' dir='ltr'><strong>sz.</strong></span> <span class='ocrx_word' id='word_1_90' title='bbox 576 1751 614 1824; x_wconf 87' lang='lat' dir='ltr'><strong>a.)</strong></span> 
     </span>
    </p>
   </div>
   <div class='ocr_carea' id='block_1_6' title="bbox 325 1873 1449 2612">
    <p class='ocr_par' dir='ltr' id='par_1_6' title="bbox 325 1873 1449 2612">
     <span class='ocr_line' id='line_1_14' title="bbox 443 1873 1449 1960; baseline 0.004 -22"><span class='ocrx_word' id='word_1_91' title='bbox 443 1873 513 1939; x_wconf 87' lang='lat' dir='ltr'><strong>Nos</strong></span> <span class='ocrx_word' id='word_1_92' title='bbox 539 1875 636 1958; x_wconf 84' lang='lat' dir='ltr'><strong>igitur</strong></span> <span class='ocrx_word' id='word_1_93' title='bbox 661 1874 778 1938; x_wconf 89' lang='lat' dir='ltr'><strong>seriem</strong></span> <span class='ocrx_word' id='word_1_94' title='bbox 804 1877 999 1944; x_wconf 88' lang='lat' dir='ltr'><strong>statucionis</strong></span> <span class='ocrx_word' id='word_1_95' title='bbox 1025 1885 1058 1943; x_wconf 89' lang='lat' dir='ltr'><strong>et</strong></span> <span class='ocrx_word' id='word_1_96' title='bbox 1093 1877 1338 1960; x_wconf 79' lang='lat' dir='ltr'><strong>assignacionis</strong></span> <span class='ocrx_word' id='word_1_97' title='bbox 1365 1877 1449 1944; x_wconf 89' lang='lat' dir='ltr'><strong>dicte</strong></span> 
     </span>
     <span class='ocr_line' id='line_1_15' title="bbox 328 1981 1446 2068; baseline 0.006 -24"><span class='ocrx_word' id='word_1_98' title='bbox 328 1987 412 2047; x_wconf 90' lang='lat' dir='ltr'><strong>terre</strong></span> <span class='ocrx_word' id='word_1_99' title='bbox 428 1991 461 2046; x_wconf 89' lang='lat' dir='ltr'><strong>et</strong></span> <span class='ocrx_word' id='word_1_100' title='bbox 477 1983 579 2068; x_wconf 90' lang='lat' dir='ltr'><strong>ipsius</strong></span> <span class='ocrx_word' id='word_1_101' title='bbox 598 1981 777 2050; x_wconf 88' lang='lat' dir='ltr'><strong>molendini</strong></span> <span class='ocrx_word' id='word_1_102' title='bbox 793 1984 919 2052; x_wconf 88' lang='lat' dir='ltr'><strong>eisdem</strong></span> <span class='ocrx_word' id='word_1_103' title='bbox 943 1985 1111 2053; x_wconf 86' lang='lat' dir='ltr'><strong>nobilibus</strong></span> <span class='ocrx_word' id='word_1_104' title='bbox 1129 1987 1249 2052; x_wconf 85' lang='lat' dir='ltr'><strong>iactam</strong></span> <span class='ocrx_word' id='word_1_105' title='bbox 1266 1993 1376 2052; x_wconf 90' lang='lat' dir='ltr'><strong>ratam</strong></span> <span class='ocrx_word' id='word_1_106' title='bbox 1393 1987 1446 2054; x_wconf 86' lang='lat' dir='ltr'><strong>ha·</strong></span> 
     </span>
     <span class='ocr_line' id='line_1_16' title="bbox 327 2085 1445 2180; baseline 0.005 -30"><span class='ocrx_word' id='word_1_107' title='bbox 327 2085 443 2155; x_wconf 88' lang='lat' dir='ltr'><strong>bentes</strong></span> <span class='ocrx_word' id='word_1_108' title='bbox 466 2096 498 2154; x_wconf 90' lang='lat' dir='ltr'><strong>et</strong></span> <span class='ocrx_word' id='word_1_109' title='bbox 523 2107 714 2174; x_wconf 75' lang='lat' dir='ltr'><strong>acceptam,</strong></span> <span class='ocrx_word' id='word_1_110' title='bbox 742 2091 940 2161; x_wconf 88' lang='lat' dir='ltr'><strong>auctoritate</strong></span> <span class='ocrx_word' id='word_1_111' title='bbox 967 2095 1176 2180; x_wconf 87' lang='lat' dir='ltr'><strong>presencium</strong></span> <span class='ocrx_word' id='word_1_112' title='bbox 1204 2096 1445 2160; x_wconf 89' lang='lat' dir='ltr'><strong>communimus.</strong></span> 
     </span>
     <span class='ocr_line' id='line_1_17' title="bbox 326 2196 1446 2288; baseline 0.004 -27"><span class='ocrx_word' id='word_1_113' title='bbox 326 2196 446 2263; x_wconf 87' lang='lat' dir='ltr'><strong>Datum</strong></span> <span class='ocrx_word' id='word_1_114' title='bbox 462 2217 522 2283; x_wconf 90' lang='lat' dir='ltr'><strong>pcr</strong></span> <span class='ocrx_word' id='word_1_115' title='bbox 538 2219 653 2267; x_wconf 89' lang='lat' dir='ltr'><strong>manus</strong></span> <span class='ocrx_word' id='word_1_116' title='bbox 670 2201 807 2268; x_wconf 89' lang='lat' dir='ltr'><strong>discreti</strong></span> <span class='ocrx_word' id='word_1_117' title='bbox 824 2203 887 2270; x_wconf 88' lang='lat' dir='ltr'><strong>viri</strong></span> <span class='ocrx_word' id='word_1_118' title='bbox 914 2204 1066 2288; x_wconf 82' lang='lat' dir='ltr'><strong>magistri</strong></span> <span class='ocrx_word' id='word_1_119' title='bbox 1082 2203 1228 2272; x_wconf 82' lang='lat' dir='ltr'><strong>Achonis</strong></span> <span class='ocrx_word' id='word_1_120' title='bbox 1245 2203 1322 2270; x_wconf 89' lang='lat' dir='ltr'><strong>aule</strong></span> <span class='ocrx_word' id='word_1_121' title='bbox 1339 2211 1446 2269; x_wconf 86' lang='lat' dir='ltr'><strong>nostre</strong></span> 
     </span>
     <span class='ocr_line' id='line_1_18' title="bbox 328 2307 1444 2394; baseline 0.004 -22"><span class='ocrx_word' id='word_1_122' title='bbox 328 2307 626 2374; x_wconf 82' lang='lat' dir='ltr'><strong>Vico-Oanoeiiarii</strong></span> <span class='ocrx_word' id='word_1_123' title='bbox 653 2307 765 2374; x_wconf 89' lang='lat' dir='ltr'><strong>diiecti</strong></span> <span class='ocrx_word' id='word_1_124' title='bbox 783 2317 816 2376; x_wconf 91' lang='lat' dir='ltr'><strong>et</strong></span> <span class='ocrx_word' id='word_1_125' title='bbox 842 2309 951 2378; x_wconf 85' lang='lat' dir='ltr'><strong>fidelis</strong></span> <span class='ocrx_word' id='word_1_126' title='bbox 969 2313 1091 2394; x_wconf 85' lang='lat' dir='ltr'><strong>nostri,</strong></span> <span class='ocrx_word' id='word_1_127' title='bbox 1116 2332 1204 2379; x_wconf 89' lang='lat' dir='ltr'><strong>anuo</strong></span> <span class='ocrx_word' id='word_1_128' title='bbox 1230 2311 1364 2378; x_wconf 90' lang='lat' dir='ltr'><strong>Domini</strong></span> <span class='ocrx_word' id='word_1_129' title='bbox 1381 2309 1444 2378; x_wconf 86' lang='lat' dir='ltr'><strong>iiii·</strong></span> 
     </span>
     <span class='ocr_line' id='line_1_19' title="bbox 326 2413 1443 2503; baseline 0.004 -23"><span class='ocrx_word' id='word_1_130' title='bbox 326 2415 440 2480; x_wconf 90' lang='lat' dir='ltr'><strong>iesimo</strong></span> <span class='ocrx_word' id='word_1_131' title='bbox 457 2413 527 2480; x_wconf 80' lang='lat'><strong>00⁰</strong></span> <span class='ocrx_word' id='word_1_132' title='bbox 544 2418 769 2500; x_wconf 79' lang='lat' dir='ltr'><strong>octuagesimo</strong></span> <span class='ocrx_word' id='word_1_133' title='bbox 797 2417 920 2503; x_wconf 85' lang='lat' dir='ltr'><strong>primo,</strong></span> <span class='ocrx_word' id='word_1_134' title='bbox 946 2418 1143 2486; x_wconf 88' lang='lat' dir='ltr'><strong>duodecimo</strong></span> <span class='ocrx_word' id='word_1_135' title='bbox 1167 2417 1340 2486; x_wconf 86' lang='lat' dir='ltr'><strong>Kalendas</strong></span> <span class='ocrx_word' id='word_1_136' title='bbox 1356 2417 1443 2485; x_wconf 88' lang='lat' dir='ltr'><strong>Octo-</strong></span> 
     </span>
     <span class='ocr_line' id='line_1_20' title="bbox 325 2523 1389 2612; baseline 0.004 -24"><span class='ocrx_word' id='word_1_137' title='bbox 325 2523 411 2604; x_wconf 83' lang='lat' dir='ltr'><strong>bris,</strong></span> <span class='ocrx_word' id='word_1_138' title='bbox 436 2523 625 2592; x_wconf 86' lang='lat' dir='ltr'><strong>Indieeione</strong></span> <span class='ocrx_word' id='word_1_139' title='bbox 643 2545 749 2611; x_wconf 85' lang='lat' dir='ltr'><strong>nona,</strong></span> <span class='ocrx_word' id='word_1_140' title='bbox 774 2529 882 2612; x_wconf 75' lang='lat' dir='ltr'><strong>Regni</strong></span> <span class='ocrx_word' id='word_1_141' title='bbox 899 2533 1007 2594; x_wconf 85' lang='lat' dir='ltr'><strong>autem</strong></span> <span class='ocrx_word' id='word_1_142' title='bbox 1026 2528 1129 2597; x_wconf 87' lang='lat' dir='ltr'><strong>nostri</strong></span> <span class='ocrx_word' id='word_1_143' title='bbox 1147 2547 1236 2594; x_wconf 91' lang='lat' dir='ltr'><strong>anno</strong></span> <span class='ocrx_word' id='word_1_144' title='bbox 1252 2527 1389 2596; x_wconf 86' lang='lat' dir='ltr'><strong>decimo.</strong></span> 
     </span>
    </p>
   </div>
   <div class='ocr_carea' id='block_1_7' title="bbox 473 2735 1295 2814">
    <p class='ocr_par' dir='ltr' id='par_1_7' title="bbox 473 2735 1295 2814">
     <span class='ocr_line' id='line_1_21' title="bbox 473 2735 1295 2814; baseline 0.005 -22"><span class='ocrx_word' id='word_1_145' title='bbox 473 2735 625 2806; x_wconf 77' lang='lat' dir='ltr'><strong>(iiredetis</strong></span> <span class='ocrx_word' id='word_1_146' title='bbox 638 2736 772 2796; x_wconf 76' lang='lat' dir='ltr'><strong>driatetik</strong></span> <span class='ocrx_word' id='word_1_147' title='bbox 785 2759 804 2796; x_wconf 85' lang='lat' dir='ltr'><strong>a</strong></span> <span class='ocrx_word' id='word_1_148' title='bbox 816 2740 900 2812; x_wconf 83' lang='lat' dir='ltr'><strong>gyiiri</strong></span> <span class='ocrx_word' id='word_1_149' title='bbox 914 2738 1054 2813; x_wconf 80' lang='lat' dir='ltr'><strong>irriptalan</strong></span> <span class='ocrx_word' id='word_1_150' title='bbox 1066 2738 1295 2814; x_wconf 75' lang='lat' dir='ltr'><strong>ievditdrdbun.)</strong></span> 
     </span>
    </p>
   </div>
   <div class='ocr_carea' id='block_1_8' title="bbox 0 0 1576 5164">
    <p class='ocr_par' dir='ltr' id='par_1_8' title="bbox 0 0 1576 5164">
     <span class='ocr_line' id='line_1_22' title="bbox 0 0 1576 5164; baseline 0 3"><span class='ocrx_word' id='word_1_151' title='bbox 0 0 1576 5164; x_wconf 95' lang='lat' dir='ltr'><strong> </strong></span> 
     </span>
    </p>
   </div>
  </div>
 </body>
</html>
