3116 5166
289 967 351 1034 IV.
379 953 498 1032 Ldsald
520 963 628 1049 tirou
652 961 757 1028 Ja'ruos
779 960 949 1026 mestornok
974 981 1030 1046 opp
1047 959 1158 1046 ekdcyi
1167 955 1276 1045 sdldet
1291 957 1421 1024 adomo-
1556 1047 1557 1050 Ἴ

749 1089 837 1155 cyoz.
856 1069 955 1132 1278.

393 1231 568 1300 Ladislaus
594 1231 658 1298 Dci
692 1230 809 1317 gracia
833 1228 1021 1315 Hungarie,
1048 1228 1240 1312 Dalmaoie,
1268 1228 1419 1311 Oroudia,

286 1343 408 1426 Ramo,
425 1339 540 1408 Seruis
550 1389 559 1422 ‚
577 1337 739 1422 Gallicie,
758 1336 953 1406 Lodomerie
963 1387 973 1423 ‚
996 1337 1170 1420 Cumanis,
1198 1337 1421 1422 Bulgarieque

285 1451 357 1517 Rex
373 1448 519 1515 omnibus
535 1445 657 1516 Christi
672 1445 823 1515 fidelibus
840 1454 1027 1532 presentem
1045 1446 1202 1531 paginam
1218 1446 1420 1531 inspecturis

287 1559 426 1626 salutem
441 1559 475 1624 in
486 1557 628 1623 omnium
640 1557 814 1624 salvatore.
826 1554 877 1622 Ad
892 1557 1115 1624 universorum
1133 1555 1289 1622 noticiam
1305 1561 1420 1620 tenore

286 1655 493 1752 presencium
511 1666 659 1732 volumus
676 1665 851 1750 parvenire
868 1687 876 1728 ε
894 1662 1330 1749 quodmagisterJohannes
1342 1661 1419 1731 Gat-

287 1773 369 1840 lions
380 1773 597 1862 deLypthow
608 1771 652 1840 ad
668 1779 814 1840 nostram
826 1771 989 1840 accedens
1005 1771 1224 1858 presenciam,
1242 1768 1419 1854 quamdam

289 1885 412 1949 terram
428 1880 501 1948 usui
517 1882 612 1950 nnius
630 1882 731 1950 aratri
747 1879 965 1949 sufficientem
990 1888 1078 1948 terre
1096 1899 1155 1946 sne
1171 1879 1324 1966 proxima
1340 1879 1421 1946 vici·
1556 1905 1557 1946 ῑ

289 1987 392 2056 nitate
408 1989 636 2074 adiacentem,
672 1999 708 2058 vt
723 1989 879 2073 dicebat,
896 1989 1013 2077 petiuit
1029 2009 1051 2056 a
1067 1988 1163 2056 nobis
1179 1990 1244 2056 sibi
1259 1988 1341 2054 dari.
1359 1987 1422 2052 Ve-

291 2115 363 2164 rum
388 2097 469 2181 quia
495 2099 638 2180 qualitas
664 2105 697 2166 et
721 2099 889 2181 quantitas
904 2099 1009 2184 ipsius
1024 2105 1111 2164 terra
1127 2097 1223 2164 nobis
1240 2096 1338 2182 plene
1355 2115 1423 2164 non

291 2205 484 2284 constabat,
501 2205 635 2275 Detrico
662 2207 833 2294 Proposito
851 2207 892 2274 de
909 2207 1010 2273 Turul
1028 2205 1177 2273 dedimus
1193 2205 1225 2270 in
1242 2201 1423 2271 mandatis»
1556 2281 1557 2288 ἵ

289 2318 325 2381 vt
341 2311 515 2381 accederet
530 2311 573 2379 ad
590 2319 707 2380 terram
733 2319 956 2398 memoratam,
973 2319 1007 2380 et
1022 2332 1105 2396 eam,
1122 2313 1152 2378 si
1166 2311 1330 2378 inueniret
1345 2330 1423 2380 esse

292 2421 403 2508 talem,
421 2441 485 2506 qus
501 2422 546 2489 ad
557 2429 703 2492 nostram
720 2423 939 2492 collacionem
956 2421 1140 2508 pertineret,
1155 2421 1344 2508 assignaret
1352 2439 1421 2488 ma-

291 2527 395 2613 gistro
409 2529 555 2600 Johanni
572 2529 821 2616 possidendam
846 2532 910 2612 Qui
926 2532 1056 2618 quidem
1072 2530 1263 2615 Propositus
1282 2528 1424 2598 eandem

289 2647 414 2712 terram
429 2642 544 2709 statuit
560 2643 719 2726 magistro
739 2642 883 2710 Johanni
899 2641 1090 2727 sepedicto,
1114 2645 1211 2726 prout
1236 2641 1272 2707 in
1298 2643 1418 2708 tenore

290 2766 423 2818 suarum
447 2748 616 2818 literarum
641 2750 784 2818 vidimus
811 2749 981 2820 contineri.
998 2749 1143 2828 Quarum
1159 2747 1293 2832 quidem
1308 2749 1421 2816 litera-

290 2875 361 2924 rum
377 2862 471 2925 tenor
486 2857 566 2924 talis
583 2863 634 2924 cst
650 2882 658 2922 r

397 2963 468 3031 Nos
484 2958 639 3030 Detricus
656 2964 850 3052 Prepesitus
867 2965 910 3034 do
926 2965 1026 3033 Turul
1041 2965 1106 3034 stb.
1135 2971 1317 3043 (toroneam
1332 2971 1425 3028 Deus

292 3077 377 3138 turcii
392 3079 567 3153 prepostnak
583 3097 751 3152 ugyanazon
766 3083 810 3138 dri
826 3081 953 3137 beiktatd
978 3079 1200 3153 bizonyitudnya
1223 3080 1295 3136 mint
1311 3076 1423 3150 altha.)

397 3183 467 3250 Nos
492 3181 605 3264 itaque
630 3189 728 3266 grata
754 3190 787 3249 ot
808 3183 976 3252 meritoria
993 3183 1136 3251 servicia
1151 3181 1254 3269 ipsius
1271 3181 1426 3267 magistri

291 3287 451 3356 Johannis
476 3290 691 3358 attendentes
716 3293 921 3380 sepedictam
948 3292 1141 3380 particulam
1167 3298 1253 3358 terre
1279 3291 1341 3358 sub
1356 3291 1426 3358 eis-

291 3393 367 3462 dem
377 3397 473 3464 metis
490 3403 524 3462 et
538 3398 698 3484 terminis,
716 3407 811 3485 prout
821 3400 973 3488 superius
983 3406 1033 3466 est
1045 3418 1241 3487 expressum
1256 3433 1301 3446 -
1316 3433 1361 3445 —
1378 3434 1427 3446 -

291 3503 441 3572 dedimus
458 3504 657 3575 donauimns
675 3513 707 3576 ot
723 3507 917 3575 tradidimus
934 3508 1000 3593 ipsi
1015 3509 1174 3593 magistro
1190 3507 1336 3575 Johanni
1346 3507 1427 3593 jure

289 3619 448 3698 perpetuo
464 3619 498 3682 ct
514 3613 778 3684 irrsuocabiliter
794 3616 1049 3703 possidendam,
1076 3637 1098 3686 a
1121 3623 1210 3683 terra
1224 3615 1428 3701 populorum

289 3727 474 3791 nostrorum
490 3719 531 3791 do
548 3723 629 3790 vitta
646 3724 775 3792 Lubeia
791 3732 911 3794 vocata
937 3727 1141 3794 abstractam
1165 3723 1297 3812 penitus
1323 3743 1428 3809 sepa·

288 3835 403 3896 ratam.
429 3831 468 3897 In
493 3831 586 3898 euius
613 3833 663 3898 rei
678 3833 868 3902 memoriam
886 3842 918 3902 et
934 3839 1127 3922 perpetuam
1143 3831 1329 3901 firmitatem
1344 3851 1427 3916 pro-

288 3944 399 4006 sontos
415 3937 529 4007 literas
545 3945 769 4010 concessimus
797 3943 963 4031 dupplicis
992 3944 1095 4030 sigilli
1109 3941 1215 4012 nostri
1240 3941 1428 4010 munimine

288 4044 470 4114 roboratas.
486 4047 608 4116 Datum
627 4069 687 4135 per
704 4070 822 4120 manus
838 4049 1038 4120 venerabilis
1054 4050 1118 4116 viri
1132 4049 1283 4136 magistri
1297 4050 1428 4118 Johan-

286 4153 338 4221 nis
355 4153 508 4224 Doctoris
524 4156 749 4246 Decretorum,
766 4161 934 4248 Propositi
951 4159 1128 4240 Budsnsis,
1144 4159 1344 4226 Archielccti
1360 4158 1428 4226 Go-
1556 4251 1557 4254 Ἴ

287 4262 450 4349 locensis,
477 4269 509 4329 ct
534 4265 609 4332 aule
635 4274 746 4336 nostre
772 4268 988 4354 Oanusllarij,
1004 4265 1117 4334 dilecti
1133 4272 1166 4333 et
1182 4263 1290 4334 fidelis
1306 4268 1430 4348 nostri,

286 4391 374 4440 anno
391 4371 435 4438 ab
451 4369 690 4444 Incarnaciona
705 4379 840 4445 Domini
856 4377 1032 4446 millasimo
1049 4373 1273 4444 ducentesimo
1285 4382 1425 4462 septua-
1556 4387 1557 4440 i

285 4477 411 4565 gesimo
427 4485 555 4548 octauo.

466 4603 636 4680 (Zsigmoad
648 4605 806 4682 kirtiynak
819 4609 933 4668 noi-ki
952 4608 1232 4685 magaouttsssoos)
