3154 5166
616 331 755 446 aa.

121 523 309 611 Apostolioe
325 523 423 596 Sedis
439 549 479 598 ao
495 535 608 598 nostra
624 530 818 617 reverentia,
836 551 905 600 oum
921 552 1019 622 super
1034 534 1095 606 boe
1111 541 1145 604 et
1160 535 1236 605 aliis

114 633 217 702 etism
242 653 300 703 sue
324 636 502 722 legationis
528 639 670 725 negotiis
698 659 739 707 ex
755 647 850 727 parte
865 641 971 730 ipsius
988 645 1145 734 Episcopi
1161 663 1235 714 oon-

112 743 228 832 tigerit
242 764 301 813 uos
316 745 448 829 requiri,
459 745 615 816 assistere
632 751 797 818 studeatis
813 752 971 832 oonsiliis,
987 754 1120 823 auxiliis
1137 760 1171 822 et
1188 753 1235 821 fa·

112 853 248 922 roribus
273 854 460 940 oportunis,
485 853 664 923 utiliorum
681 858 872 945 dampnatis
889 866 921 926 et
937 863 1101 948 repressis
1120 863 1234 930 errori-

111 961 175 1028 bus
191 969 224 1030 et
233 964 345 1049 prauis
356 965 530 1033 oonutibus
542 967 671 1050 penitus
683 969 842 1057 vacuatis,
854 969 950 1039 vobis
966 972 1088 1040 exinde
1105 991 1147 1038 ex
1163 972 1232 1039 alto

111 1072 286 1154 proueniat
301 1073 478 1160 premium,
497 1073 584 1160 quod
599 1095 658 1162 pro
675 1075 740 1162 piis
758 1077 885 1147 autibus
902 1087 1143 1165 compensatur,
1159 1099 1234 1148 nos-

113 1199 180 1262 que
197 1179 401 1248 derotionem
418 1191 561 1250 vostram
579 1185 737 1252 uberibus
753 1187 786 1251 in
803 1188 944 1254 Domino
968 1187 1123 1255 laudibus
1138 1188 1235 1254 attol-

113 1287 232 1355 lamus.
258 1291 379 1355 Datum
399 1291 487 1376 apud
512 1291 635 1360 Urbem
659 1291 810 1362 Veterem
826 1297 867 1363 X.
894 1297 1058 1364 kalendas
1084 1297 1234 1382 Augusti,

113 1397 331 1464 Pontificatus
347 1401 451 1466 nostri
467 1420 554 1469 anuo
569 1401 678 1468 tertio.

221 1506 247 1573 1.
259 1527 286 1575 a
303 1528 345 1574 m.
361 1509 526 1578 nobilibus
543 1510 622 1578 viris
638 1511 778 1581 Niaolao
797 1517 828 1580 el
845 1513 1023 1599 Stephano,
1040 1514 1118 1584 filiis
1135 1533 1235 1596 quon·

113 1613 192 1680 dam
208 1615 402 1700 Baboniobi,
419 1615 582 1688 fratribus.

195 1809 257 1883 (IV.
271 1812 377 1870 ldiklds
391 1811 470 1886 ptpa
482 1812 680 1886 Regestdibdl,
694 1815 871 1874 Theinerndl
882 1818 920 1874 id.
935 1836 970 1874 m.
983 1819 1005 1874 1.
1018 1820 1046 1874 l.
1059 1819 1120 1878 aoo.
1136 1821 1154 1876 l

109 2625 460 2716 14)1V.Mitzoepepa
470 2649 657 2716 upyouazoo
667 2627 1233 2719 idrpyboanraupepdaprosoltlroz.

220 2809 377 2876 Nioolaus
388 2809 698 2893 Episeopnsseruus
709 2831 877 2879 seruorum
894 2811 956 2877 Dei
974 2811 1137 2878 nobilibus
1155 2810 1234 2878 uiris

109 2915 607 3000 lobannietLeonardoVegle,
619 2917 783 2998 Viuodoli,
803 2919 1235 2989 llodrusssetileaobeilo-

110 3022 249 3091 mitibus
265 3027 405 3091 salutem
422 3033 455 3091 et
470 3028 696 3114 Apostolioam
712 3029 983 3097 benedietiouem.
995 3032 1172 3117 Speremus
1183 3029 1234 3096 ilr-

109 3135 218 3218 miter‚
235 3135 321 3216 quod
331 3153 391 3201 ros
406 3143 571 3218 tamquam
588 3135 702 3204 fideles
717 3138 776 3204 tilii
787 3147 820 3205 et
835 3137 946 3206 devoti
962 3146 1088 3205 mentes
1104 3143 1247 3206 vestras·

109 3241 156 3308 ad
172 3241 311 3310 selentia
320 3241 486 3312 desideria
500 3245 690 3330 dirigentes,
703 3247 792 3314 eirea
801 3247 860 3314 illa
875 3265 935 3316 vos
946 3251 1114 3336 promptos
1131 3253 1163 3312 et
1179 3265 1236 3331 pa-

110 3359 205 3418 ratos
215 3351 370 3420 exhibere
381 3353 509 3438 ouretia,
521 3373 584 3438 que
594 3375 734 3440 superno
744 3357 811 3422 sint
821 3363 960 3442 accepta
970 3355 1169 3441 conspectui,
1186 3375 1235 3420 sa-

109 3461 192 3528 lutis
207 3467 317 3528 vestre
333 3463 512 3547 profestum
529 3464 709 3552 respiciant
724 3471 756 3530 et
772 3473 948 3550 proourent
962 3463 1038 3531 fidei
1049 3463 1235 3531 Christiane

109 3569 301 3637 continuum
322 3571 565 3640 incrementum.
585 3575 676 3640 Sane
694 3571 736 3640 ad
757 3573 959 3640 audientiam
976 3578 1119 3639 vestram
1132 3571 1238 3637 oredi-

110 3697 186 3745 mus
197 3680 397 3765 pervenisse,
408 3701 507 3766 quam
523 3681 826 3767 reprehensibiliter
842 3679 1001 3748 haetenus
1012 3699 1174 3764 quamque
1189 3680 1235 3744 in·

108 3791 258 3874 honeste,
277 3791 420 3874 quinimo
436 3793 619 3877 periculose
634 3811 672 3858 se
696 3791 834 3877 gesserit
851 3841 858 3855 .
877 3841 886 3878 ,λ
902 3843 908 3859 .
926 3789 1072 3874 Ungarie
1088 3791 1166 3874 Rex,
1179 3789 1236 3872 qui

107 3899 246 3968 vesanis
262 3899 424 3966 adherens
442 3901 587 3967 consiliis
605 3907 638 3966 et
653 3922 674 3966 a
689 3902 745 3966 via
760 3900 908 3969 reriidtis
928 3899 1127 3984 exorbitans,
1145 3899 1235 3967 obri-

109 4009 224 4077 stiana
240 4009 397 4093 religione
414 4009 609 4095 postposita,
627 4030 664 4078 se
680 4030 753 4078 oum
769 4007 1136 4094 Tartatis,Sarraoenis,
1146 4007 1233 4074 Neu·

108 4117 223 4202 geriis,
241 4125 274 4186 et
291 4119 432 4203 paganis
449 4121 626 4206 dampnate
637 4119 897 4188 conuersationis
915 4119 1055 4186 audacia
1070 4117 1166 4186 fedus
1183 4135 1235 4182 as-

109 4227 233 4294 seritur
258 4229 482 4311 contraxiss03
508 4235 639 4313 sumpta
663 4247 778 4296 norma
804 4229 963 4313 nepbaria
981 4227 1171 4312 speoinliter
1187 4223 1233 4290 vi-

110 4333 210 4403 vendi
239 4355 310 4402 oum
335 4335 510 4421 Neugeriis
535 4335 735 4422 supradietis
761 4357 801 4403 ao
826 4337 963 4423 turpiter
978 4340 1011 4402 et
1026 4333 1235 4418 impudenter

111 4445 244 4513 abieoto
269 4445 407 4530 ooniuge
433 4447 584 4534 propria,
602 4447 782 4530 Regalibus
798 4445 911 4530 utique
928 4449 1002 4512 orla
1017 4441 1187 4510 natalibus
1202 4445 1236 4506 et

108 4552 249 4623 boneste
265 4553 525 4622 conversationis
540 4573 579 4620 ao
595 4555 664 4621 rite
680 4554 785 4622 titulis
804 4553 983 4639 insignita,
1009 4549 1166 4618 videlieet
1180 4568 1233 4614 oa·

112 4661 246 4728 rissima
261 4664 293 4726 iu
311 4660 441 4732 cbristo
459 4661 529 4729 iilia
544 4671 654 4729 nostra
671 4663 707 4727 ll.
725 4661 846 4729 Illustri
857 4661 982 4747 Regina
994 4658 1151 4744 Ungarie,
1163 4676 1234 4723 oru-

1005 4768 1077 4836 24*
