3142 5164
626 295 786 396 ,ffl-

136 488 351 576 Boemorum‚
377 490 411 557 in
436 510 501 576 qua
526 492 613 562 idem
631 495 701 561 Rex
718 495 829 562 extitit
853 493 1090 564 miserabiliter
1117 498 1267 566 interem-

137 603 233 684 ptus,
259 600 401 669 strenuis
421 601 549 670 aotibus
565 609 601 670 ut
616 606 687 672 ueri
703 606 825 672 milites
841 623 906 672 non
924 605 996 673 sine
1011 605 1063 674 eui
1079 608 1204 676 oruoris
1222 607 1268 675 of·

137 707 267 776 fusione
278 729 315 776 se
326 709 455 778 fortune
467 711 599 778 easibus
614 713 845 798 submittendo,
857 710 999 781 seruioia
1016 715 1200 784 laudabilia
1210 715 1267 781 im·

138 817 335 901 panderunt.
354 818 610 888 Considerantes
620 840 763 904 namquo
773 822 879 909 ipsum
890 821 1098 908 priuilegium
1116 831 1265 892 nostrum

138 947 206 996 nun
222 928 390 1014 abrasum,
408 949 473 998 non
490 921 716 1015 eonoelletuui,
736 950 800 998 non
817 930 1034 1011 interieotum,
1051 927 1142 1019 (neo)
1158 933 1190 999 in
1207 932 1267 1000 ali·

138 1055 206 1120 qua
220 1039 271 1106 sui
287 1037 561 1126 parlamentum,
578 1060 653 1126 ymo
670 1041 758 1108 iuste
769 1047 802 1108 ot
817 1039 963 1123 legitime
983 1045 1162 1125 optentum,
1180 1040 1266 1108 idern

137 1145 179 1212 de
206 1145 307 1215 uerbo
333 1145 378 1214 ad
402 1147 538 1214 uerbum
561 1147 770 1234 presentibus
797 1147 898 1214 inseri
922 1145 1094 1234 iacientes,
1116 1153 1150 1216 et
1165 1147 1265 1216 oolla

137 1255 264 1322 otonem
293 1255 342 1323 eis
367 1255 433 1322 rite
447 1261 480 1322 ot
501 1254 648 1341 legitime
665 1255 799 1341 laetam,
817 1275 859 1322 ex
875 1260 966 1323 oerta
982 1255 1129 1324 seientia
1143 1275 1265 1343 appro-
1402 1243 1408 1250 ’

134 1363 255 1432 bantes
272 1361 475 1431 ratitioantes
491 1369 525 1430 et
539 1364 747 1442 innoeentes,
758 1364 956 1432 auctoritate
967 1365 1172 1451 prosenoium
1189 1385 1266 1434 eon-

133 1472 304 1538 firmamus
320 1469 461 1557 duplicis
478 1472 579 1559 sigilli
596 1472 698 1540 nostri
725 1471 903 1540 munimine
919 1472 1115 1540 roborando.
1141 1474 1263 1542 Datum

131 1599 195 1666 per
219 1600 336 1650 manus
360 1579 494 1648 disereti
510 1581 573 1648 viri
589 1580 739 1666 magistri
755 1582 921 1670 Nyoolay,
940 1581 1020 1650 aule
1036 1588 1146 1652 nostre
1164 1581 1264 1650 Vioe-

133 1688 356 1775 Ganoellarii,
382 1689 494 1758 dileoti
519 1696 553 1756 et
579 1689 686 1759 tidelis
703 1689 817 1774 nostri,
834 1710 922 1759 anuo
939 1687 1072 1760 Domini
1088 1692 1263 1759 millesimo

131 1796 362 1868 ducentesimo
385 1799 628 1884 septuagesimo
653 1819 759 1884 nono,
785 1797 892 1884 Regni
917 1807 1026 1868 eutem
1052 1801 1158 1868 nostri
1174 1819 1261 1868 anno

131 1909 286 1994 septimo.

382 2101 440 2170 (An
454 2100 564 2159 eredeti
577 2098 649 2161 utto
660 2099 778 2160 ksszolt
789 2099 1017 2178 husonmtsbol.)

577 2432 834 2443 mnu—u·—

658 2991 736 3059 108.

131 3211 195 3278 IV.
221 3206 342 3276 Losele
362 3209 472 3294 kirtly
495 3205 655 3289 Abraom,
681 3207 783 3272 Botor
808 3207 840 3270 6⁸
854 3204 915 3270 Ka‘s
929 3201 1055 3268 Botord
1069 3199 1263 3287 helysopokre

128 3317 311 3384 oonotkoao
323 3317 511 3404 odomctoyo,
528 3316 654 3398 Hodus,
672 3315 828 3397 Brieoiue,
839 3311 966 3400 Gyorpy
982 3312 1014 3374 e‘e
1029 3307 1176 3373 Benedelo
1191 3318 1263 3374 tost-

504 3425 594 3492 otrek
609 3427 767 3492 ezdonoro.
794 3421 893 3487 1279.

244 3638 464 3731 (L)adyulaus
480 3639 544 3708 Del
565 3640 680 3726 groela
695 3636 865 3723 Hungarie
875 3682 884 3719 ‚
902 3632 1076 3700 Dalmaeie
1086 3679 1095 3716 ,
1113 3630 1262 3720 Orooeie,

130 3753 258 3834 Rome,
275 3751 392 3819 Seruie
402 3799 411 3834 ,
428 3749 588 3834 (lollioie,
605 3748 801 3817 Lodomerie
811 3795 820 3833 ‚
842 3742 1001 3813 Oumonie
1011 3793 1020 3829 ,
1041 3739 1263 3826 Bulgarieque

130 3859 204 3928 Rex
233 3857 385 3926 omnibus
410 3856 532 3924 Christi
559 3855 710 3926 fidelibus
729 3859 903 3942 presentes
920 3852 1048 3920 litteras
1065 3849 1260 3936 inspecturis

130 3967 276 4040 salntem
292 3967 327 4035 in
343 3968 462 4036 salutis
478 3967 648 4052 largitore.
665 3965 716 4033 Ad
732 3966 959 4032 uniuersorum
975 3957 1131 4027 noticiam
1148 3963 1263 4024 tenore

130 4077 343 4166 presencium
353 4075 504 4143 volumus
522 4073 707 4162 peruenire,
723 4074 811 4159 quod
832 4072 949 4140 Comes
967 4066 1095 4150 Hudus,
1106 4065 1263 4153 Brieeius,

130 4187 297 4274 Georgius
313 4191 347 4252 et
358 4183 558 4253 Benediotus
569 4183 688 4252 fratres
705 4181 862 4266 eiusdem,
880 4179 998 4248 fideles
1007 4174 1120 4260 nostri,
1131 4191 1264 4260 posses·

129 4299 247 4367 siones
272 4299 449 4380 Languens
473 4293 534 4362 filii
548 4292 728 4382 Woyuode,
756 4289 888 4378 eoguati
913 4309 1025 4358 eorum
1041 4284 1124 4353 'sine
1140 4281 1264 4351 herede

128 4405 339 4492 detestantis,
357 4407 507 4482 Atreum,
522 4403 626 4471 Batur
641 4409 673 4468 et
689 4398 930 4490 Kype-Beturri
940 4403 1076 4466 voeatas
1086 4393 1265 4481 petiuerint

127 4541 154 4588 a
169 4519 271 4591 nobis
287 4515 352 4585 sibi
369 4516 453 4584 dari.
471 4512 593 4582 Verum
610 4511 688 4597 quia
709 4511 751 4578 de
767 4511 929 4596 qualitate
944 4503 1192 4595 possessionum
1209 4519 1265 4568 ee·

123 4630 271 4705 rundem
295 4625 393 4694 nobis
418 4624 542 4692 veritos
567 4643 632 4690 non
659 4620 843 4704 oonstabat,
860 4613 1014 4721 tiulelibus
1030 4609 1149 4681 nostris
1167 4607 1264 4694 (lapi-

189 4749 622 4797 urororr.uooo.meu.-nrrn.o.
1061 4721 1103 4786 12
