3142 5164
641 857 720 967 rao.

112 1095 536 1182 aciemqueaciemque,
562 1097 694 1186 melycel
703 1096 807 1186 foqca
823 1097 914 1164 nott
927 1097 1036 1164 Simon
1052 1101 1083 1164 de
1098 1102 1243 1168 testeerei

111 1203 258 1272 Attente·
272 1207 425 1272 Devecaer
440 1203 548 1292 qrdfot
564 1207 685 1272 Mittas
710 1207 862 1273 teetoe'rdle
878 1205 1167 1294 qyilkcltatciadboa
1189 1214 1240 1276 ctr-

390 1317 394 1326 “
437 1311 606 1380 tatiauuale
620 1315 748 1380 iuuerit
766 1313 803 1380 ei.
821 1315 919 1381 1279.

221 1511 291 1579 Nos
308 1511 350 1578 ll.
367 1511 540 1580 Palatinus
558 1510 677 1582 Comes
705 1513 941 1602 Supruniensis
957 1519 990 1582 et
1005 1515 1113 1584 ludex
1128 1514 1242 1584 Guma-

112 1639 225 1687 norum
250 1619 413 1688 memorie*
431 1619 699 1689 commendantes
726 1621 950 1705 significamus
963 1641 973 1698 ‚⁴
993 1623 1080 1708 quod
1097 1642 1243 1702 causam,

113 1749 213 1813 quam
230 1729 265 1796 in
279 1730 409 1798 octaris
420 1729 534 1796 Sancti
550 1729 668 1798 Jacobi
684 1731 839 1816 Apostoli
850 1732 972 1817 Symun
983 1732 1070 1799 filius
1082 1731 1244 1818 Gregorij,

111 1836 237 1922 Baelo,
254 1837 378 1921 Pelle,
397 1836 502 1906 Vsoth
517 1844 551 1904 et
566 1839 626 1925 alij
644 1839 781 1924 cognati
798 1837 942 1907 eiusdem
960 1841 1084 1928 Symun
1102 1840 1142 1906 de
1159 1837 1243 1919 nuk,

115 1946 200 2012 etin
226 1945 304 2032 alijs
329 1945 412 2014 locis
440 1946 640 2031 existentes,
667 1955 781 2014 contra
807 1947 967 2014 Comitem
995 1949 1175 2016 Dewcclrer
1201 1947 1244 2015 de

113 2051 254 2122 Alberth
272 2073 372 2140 super
389 2053 478 2123 iacto
495 2054 611 2122 mortis
632 2057 788 2143 Nycolay
805 2055 917 2122 fratris
935 2057 1061 2144 Symnn
1077 2057 1245 2144 prenotati

113 2181 249 2231 mouere
273 2163 493 2231 intendebant
509 2182 619 2231 coram
635 2165 752 2246 nobis,
779 2166 858 2248 qnia
874 2165 974 2250 ijdcm
994 2165 1118 2253 Symun
1144 2170 1176 2233 et
1193 2163 1244 2234 sni

114 2271 252 2358 cognati
277 2271 461 2360 supradicti
492 2271 597 2362 ipsum
624 2271 784 2339 Comitem
810 2273 992 2341 Dewechcr
1018 2279 1187 2360 expertem
1213 2279 1246 2338 ct

113 2383 291 2467 immunem
307 2381 474 2448 sciuerunt
491 2387 524 2448 et
548 2389 774 2462 cognorerunt
790 2381 823 2446 in
843 2388 947 2449 morte
962 2382 1115 2470 Nycclay
1132 2401 1245 2468 supra-

115 2491 218 2574 dicti,
236 2490 344 2574 ipsom
369 2487 528 2557 (tomitem
545 2487 747 2575 Damocles,
765 2509 875 2559 coram
901 2493 997 2558 nobis
1025 2491 1245 2578 personaliter
1267 2473 1269 2480 ’

115 2597 362 2686 comparando,
382 2616 481 2684 super
496 2598 584 2664 facto
602 2599 716 2665 mortis
733 2604 908 2685 prenotate
931 2607 1029 2685 prout
1047 2598 1172 2667 eisdem
1187 2617 1242 2666 ue-

114 2707 241 2774 raciter
256 2707 420 2791 constitit,
445 2705 662 2775 reddiderunt
687 2715 856 2794 expertem
880 2717 914 2776 et
929 2711 1104 2776 immunem
1131 2727 1171 2774 ae
1186 2727 1245 2796 per

116 2817 230 2884 omnia
246 2815 455 2901 expeditnm3
482 2816 663 2900 obligando
680 2816 864 2902 satalites,
890 2825 925 2885 ot
940 2817 969 2884 si
985 2835 1142 2904 processu
1166 2821 1245 2882 tem·

115 2947 236 3014 porum
247 2925 452 3009 questionem
462 2926 609 3010 aliquam
620 2923 721 3012 s'uper
731 2934 834 2993 morte
850 2947 931 3014 sepe
941 2927 1112 2994 nominata
1129 2930 1245 2993 eontra

115 3038 225 3122 ipsum
236 3033 395 3102 comitem
408 3006 590 3100 Deweieher
601 3034 653 3100 rel
671 3053 748 3102 suos
760 3053 971 3103 successores
983 3053 1115 3102 mouere
1130 3041 1247 3101 attem-

116 3147 273 3230 ptarent,
300 3145 373 3210 sine
389 3143 527 3228 strepitu
544 3141 720 3210 cuiuslibet
744 3142 936 3244 iudicijtpro
962 3141 1246 3228 calumpniaoione

115 3253 330 3319 haberentur.
353 3251 610 3336 Assumpserunt
637 3251 745 3318 eciam
771 3251 872 3337 ijdem
899 3253 1049 3337 Symnn,
1075 3251 1189 3318 Bacha
1214 3256 1247 3318 et

116 3361 176 3447 alij
194 3359 249 3428 sui
265 3359 395 3446 cognati
416 3359 621 3446 supradicti,
650 3359 713 3444 ipsi
729 3361 849 3428 (domiti
866 3359 1050 3428 Dewecher
1075 3361 1177 3428 tercio
1192 3359 1247 3426 dic

117 3469 310 3537 lestinitatis
327 3463 440 3536 Sancti
451 3469 554 3555 Regis
569 3474 702 3536 nostras
718 3469 848 3536 litteras
859 3475 1012 3555 patentes
1024 3488 1124 3556 super
1143 3476 1247 3537 morte

116 3583 296 3666 prenotata
311 3595 498 3659 concessas,
516 3576 634 3644 litteris
646 3575 887 3644 cruciferorum
899 3575 940 3644 de
951 3577 1038 3644 Alba
1052 3577 1246 3660 confirmari,

116 3707 201 3774 quas
216 3687 246 3756 si
271 3685 326 3771 die
350 3693 519 3771 assumpto
547 3705 613 3752 non
639 3685 850 3753 intenderent
878 3685 961 3753 dare
984 3694 1018 3753 et
1042 3685 1245 3768 confirmare,

115 3795 243 3865 indicio
271 3794 383 3863 decem
408 3814 593 3862 marcarum
611 3795 842 3881 subiecerant3
867 3813 929 3862 nos
953 3799 1062 3860 autem
1086 3799 1247 3876 tanquam

116 3905 280 3989 iudicem,
306 3913 339 3970 et
353 3911 500 3971 nostrum
526 3903 744 3988 pristaldum,
762 3905 886 3993 Symun
903 3910 937 3970 et
953 3904 1004 3970 sni
1028 3903 1161 3988 cognati
1176 3904 1248 3990 pla-

117 4035 194 4082 care
210 4011 421 4082 tenebuntur.
439 4014 562 4081 Datum
579 4013 687 4098 super'
694 4015 846 4082 Veterem
856 4011 984 4081 Budam
1000 4021 1096 4082 sexto
1113 4012 1167 4079 die
1183 4021 1248 4082 ter-

117 4125 197 4193 mini
212 4123 394 4211 prenotati,
411 4142 498 4190 anno
515 4121 650 4190 Domini
665 4107 725 4189 Ml.
742 4121 820 4190 00⁰.
839 4125 1085 4209 septuagesimo
1101 4139 1198 4188 nono.

220 4318 265 4396 (Δ
276 4335 318 4376 aa.
334 4317 480 4378 iehdrvdri
493 4317 853 4390 keresatesekkonvcntJ'e
867 4314 1027 4374 attestator
1054 4303 1152 4388 ἐπίῃ.)

574 4622 812 4638 -νιυ-υ-νπ--ῄ
