3116 5166
101 455 306 542 colligantur,
323 475 384 524 nos
410 458 621 524 centesimam
647 455 833 523 huiusmodi
849 454 1055 520 remittentes
1073 454 1107 521 in
1132 452 1223 537 locis,

100 561 266 644 inquibus
283 583 348 629 non
367 564 474 630 extitit
491 584 550 648 per
566 569 758 632 executores
774 561 909 646 indicta,
926 563 1079 630 volumus
1089 570 1223 629 etman-

101 669 226 753 damus,
245 676 282 736 ut
297 669 439 756 singulis
454 677 598 739 vestrum
624 691 683 759 per
699 693 735 738 se
753 673 806 737 vel
822 669 907 737 alios
934 671 1150 742 centesimam
1175 672 1224 758 ip-

101 797 169 844 sam
184 778 219 844 in
235 779 318 848 locis
335 778 399 845 sibi
415 778 567 874 subditis,
585 781 619 846 in
636 781 755 864 quibus
770 777 895 846 indicta
911 778 972 845 luit
988 786 1022 846 et
1036 799 1100 847 non
1116 778 1226 846 extitit

100 887 273 972 persoluta,
291 907 312 952 a
328 894 479 971 tempore
495 905 559 970 quo
575 888 700 955 indicta
716 889 786 972 luit,
805 906 907 971 usque
932 887 976 954 ad
1001 896 1128 974 tempus
1153 907 1224 972 pre-

102 993 189 1062 dicte
204 994 353 1080 decime,
370 996 483 1080 legata
497 1015 626 1080 quoque
642 998 676 1062 in
692 996 814 1065 eisdem
841 996 923 1064 locis
948 994 1094 1068 subsidio
1120 993 1224 1082 predi·

102 1108 154 1168 cto
170 1102 299 1186 relicta,
316 1123 431 1172 omues
446 1124 576 1188 quoqne
592 1107 809 1172 obventiones
837 1105 1063 1189 undecumque
1088 1111 1121 1171 at
1146 1122 1224 1188 qua·

100 1212 312 1295 litercumque
329 1213 393 1297 ipsi
409 1213 557 1281 subsidio
573 1215 606 1280 in
632 1213 714 1281 locis
731 1211 959 1298 provenientes
985 1213 1131 1294 eisdem,
1157 1217 1225 1278 tam

100 1341 157 1406 pro
174 1325 325 1405 tempore
340 1322 498 1407 preterito
514 1307 611 1405 quam
629 1322 737 1388 futuro
767 1320 934 1406 colligatis
950 1320 1173 1406 integraliter,
1194 1329 1228 1387 et

101 1426 244 1495 fideliter
260 1429 482 1512 conservetis,
508 1449 614 1512 eaque
634 1429 744 1495 omnia
760 1447 862 1514 penes
880 1428 974 1512 illos,
991 1429 1047 1512 qui
1063 1427 1226 1494 decimam

102 1557 160 1622 per
177 1556 238 1604 nos
254 1535 359 1604 cidem
375 1536 525 1607 subsidio
541 1539 734 1623 deputatam
751 1533 976 1621 custodierint,
994 1536 1036 1602 ad
1053 1557 1137 1623 opus
1153 1557 1226 1625 pre·

99 1646 179 1713 dicti
196 1645 335 1714 subsidii
351 1645 537 1731 deponatis,
555 1646 715 1714 facientes
731 1644 970 1740 nichilominus,
986 1645 1074 1728 quod
1086 1645 1226 1712 detrun
1328 1681 1332 1686 .

100 1775 138 1822 co
156 1755 190 1820 in
208 1754 399 1839 supradicto
414 1753 561 1821 Concilio
578 1755 761 1821 ordinatum
779 1753 887 1822 extitit
903 1755 1092 1836 observari,
1110 1753 1226 1821 videli-

100 1876 173 1942 cet,
190 1863 276 1928 utin
303 1861 442 1947 singulis
469 1862 619 1930 eeclesiis
635 1869 768 1928 truncus
784 1870 926 1947 ponatur
942 1882 1107 1930 concavus
1123 1855 1228 1930 trilius

100 1969 252 2036 clavibus
270 1969 481 2054 consignatus
495 1993 504 2054 ;
529 1971 636 2055 prima
652 1989 755 2054 penes
773 1969 991 2056 Episcopum,
1008 1971 1154 2039 secunda
1171 1993 1227 2057 pe-

98 2099 161 2146 nes
178 2080 320 2146 ecclesie
346 2078 573 2162 sacerdotem,
598 2079 697 2146 tertia
720 2099 779 2163 per
803 2079 946 2161 aliquem
962 2079 1152 2164 religiosum
1168 2080 1228 2146 lai-

97 2209 175 2253 cum
193 2185 451 2272 conservandis,
477 2193 510 2251 et
534 2186 567 2250 in
584 2204 623 2251 eo
639 2185 755 2254 fideles
774 2187 930 2271 quilibet,
947 2188 1040 2252 iuxta
1058 2187 1146 2273 quod
1161 2188 1228 2256 Do-

98 2297 209 2362 minus
226 2313 337 2362 eorum
353 2295 515 2360 mentibus
533 2293 755 2380 inspiraverit,
773 2314 851 2362 suas
863 2296 1053 2362 elimosinas
1064 2297 1229 2383 deponere

95 2406 131 2470 in
147 2404 379 2472 remissionem
394 2421 527 2470 suorum
543 2403 767 2487 peccaminum
784 2399 998 2488 moneantur,
1023 2411 1058 2470 et
1082 2406 1117 2472 in
1143 2407 1226 2491 ipsis

98 2512 260 2580 eeclesiis
285 2513 386 2579 semel
414 2513 448 2577 in
464 2510 650 2578 ebdomada
667 2531 725 2595 pro
744 2512 936 2578 remissione
953 2512 1137 2579 huiusmodi
1154 2532 1229 2598 pec-

98 2629 265 2705 catorum,
283 2629 317 2688 et
331 2619 504 2706 presertim
521 2617 726 2686 offerentium
745 2620 934 2686 elimosinas
952 2627 1042 2687 certa
1056 2620 1120 2706 die,
1132 2640 1230 2704 quam

95 2739 214 2798 tamen
231 2729 390 2796 sacerdos
405 2729 613 2815 pronuntiet,
630 2730 772 2814 populo,
790 2727 895 2796 missa
917 2727 1053 2814 'publice
1077 2727 1230 2796 decante-

95 2848 163 2906 tur.
184 2837 405 2905 concedimus
430 2838 575 2923 insuper,
592 2846 626 2902 ut
642 2837 671 2902 si
688 2836 790 2920 aliqui
818 2837 1117 2923 crucesignatorum
1143 2836 1232 2904 infra

91 2953 232 3032 tempus
259 2944 394 3012 anobis
411 2945 455 3010 ad
470 2951 580 3012 votnm
596 2944 822 3027 exequendum
847 2944 1032 3013 huiusmodi
1057 2947 1231 3028 assignan-

92 3055 179 3120 dum
197 3052 418 3136 decesserint,
436 3053 564 3118 illarum
590 3051 868 3136 indulgentiarum
893 3059 926 3118 et
951 3054 1129 3137 gratiarum
1166 3055 1231 3119 sint

90 3165 204 3248 plene
228 3162 427 3246 participes,
454 3182 516 3245 que
542 3161 735 3228 obeuntibus
761 3163 794 3228 in
821 3163 969 3228 eiusdem
995 3169 1081 3227 terre
1098 3163 1231 3234 servitio

91 3278 180 3337 sunt
208 3289 376 3337 concesse.
404 3270 633 3337 commutandi
660 3271 705 3338 ad
730 3271 792 3337 hec
818 3291 839 3335 a
864 3271 1015 3356 personis
1041 3272 1231 3337 earumdem

91 3379 299 3448 Dionesium
326 3378 479 3445 emissum
516 3379 707 3444 ieiuniorum
733 3397 773 3443 ac
799 3379 973 3444 cuiuslibet
996 3379 1231 3464 peregrinatio-
1325 3465 1329 3470 Ι

95 3489 155 3554 nis
176 3493 292 3554 votum
309 3486 343 3550 in
360 3488 483 3570 negotii
499 3486 639 3571 predicti
660 3486 854 3570 subsidium,
871 3505 912 3552 ac
928 3485 1026 3553 etiam
1042 3507 1103 3571 per
1119 3507 1232 3554 censu-

89 3619 173 3663 ram
194 3593 460 3662 eeolesiasticam
479 3594 725 3677 crucesignatos
742 3593 925 3677 quoslibet,
947 3595 1104 3678 cuiusque
1128 3594 1232 3680 digni-

86 3705 206 3790 tatis,
234 3705 288 3772 vcl
315 3701 513 3771 conditionis
530 3699 662 3786 luerint,
679 3703 919 3789 compellendi,
936 3701 1022 3769 utin
1038 3701 1153 3769 eodem
1169 3710 1233 3769 ter-

85 3816 193 3881 mino
214 3811 298 3879 illud
315 3810 485 3878 executuri
501 3811 546 3876 ad
562 3818 683 3877 terram
702 3809 882 3896 predictam
899 3810 1061 3877 accedant
1071 3861 1080 3895 ,
1105 3811 1159 3878 vel
1185 3813 1234 3897 ip·

82 3944 169 3990 sum
204 3921 388 4006 redimant,
416 3923 445 3987 sl
470 3919 620 4003 legitimo
646 3917 767 3987 inerint
791 3919 1021 4004 impedimento
1037 3919 1183 4004 detenti,
1202 3929 1236 3987 et

81 4053 153 4098 vos
174 4031 334 4116 pensatis
350 4049 566 4116 personarum
592 4035 626 4095 et
641 4028 717 4094 aliis
735 4028 992 4096 circumstanciis
1008 4027 1090 4094 illud
1115 4029 1234 4096 videri·

79 4145 132 4210 tis
153 4138 407 4207 redimendum.
424 4141 461 4204 In
478 4139 541 4205 hoc
558 4141 666 4202 autem
685 4144 718 4200 et
734 4136 809 4201 aliis
826 4135 994 4218 premissis
1012 4136 1175 4220 articulis,
1201 4135 1235 4202 in

78 4251 228 4337 quibus
253 4249 367 4332 aliqua
391 4253 500 4313 vestre
527 4244 829 4330 circumspectionis
849 4244 985 4310 arbitrio
1000 4243 1234 4328 relinquuntur,

75 4360 253 4429 maxime
270 4357 320 4423 sie
337 4363 465 4424 vestras
482 4353 704 4421 conscientias
721 4371 916 4435 oneramus,
944 4353 1029 4418 utin
1055 4353 1106 4418 die
1132 4351 1237 4418 stricti

70 4467 271 4539 examinis
288 4464 466 4530 teneamini
482 4463 552 4528 Deo
568 4469 600 4528 et
616 4460 712 4528 nobis
738 4467 886 4528 exactam
905 4459 1042 4527 reddere
1058 4459 1237 4543 rationcm;

75 4575 294 4666 deputandi
321 4593 453 4656 quoquc
478 4593 637 4658 personas
663 4571 814 4658 ydoneus
836 4571 871 4636 in
898 4568 1022 4636 eisdem
1039 4569 1237 4634 Diocesibus

126 4697 549 4746 'mosumuusurnsu—urrr„
564 4695 583 4736 s.
1002 4676 1024 4744 5
