3116 5166
627 957 684 1023 98.

92 1176 153 1263 32)
171 1174 308 1266 Apdpu
323 1175 462 1263 Futuput
471 1171 698 1261 feljopoeitju,
714 1171 796 1258 bopy
812 1171 916 1238 boeth
932 1172 1222 1260 epyludzc'juuudul·

441 1283 553 1347 mukut
568 1279 886 1368 udomdnyozbosaon.

201 1501 361 1568 Nicolaus
386 1497 571 1586 Episcopus
597 1516 713 1566 seruus
741 1517 913 1565 seruorum
939 1495 1012 1580 Dei,
1041 1496 1222 1566 venerabili
1291 1534 1296 1550 ι

92 1611 192 1680 fratri
216 1609 370 1696 Philippo
396 1607 562 1694 Episcopo
588 1607 742 1676 Firmano
767 1606 958 1696 Apostolice
984 1605 1080 1674 Sedis
1097 1605 1222 1690 Legato

93 1721 241 1787 salntem
266 1725 300 1786 et
323 1715 550 1802 apostolicam
569 1713 841 1784 benedictionem.
859 1715 939 1784 Cum
955 1722 988 1784 te
1005 1714 1048 1785 ad
1066 1715 1221 1801 ngarie,

92 1827 246 1913 Polouie,
261 1824 440 1911 Dalmatio,
459 1823 603 1908 Oroatis,
621 1828 735 1908 Rome,
747 1825 873 1908 Servio,
884 1822 1088 1907 Lodomerie,
1100 1824 1222 1892 Galitie

95 1946 131 2004 et
158 1935 316 2002 (inmanis
342 1940 466 2021 partes,
484 1929 545 1998 tibi
562 1931 736 1999 commisso
752 1930 835 2000 inibi
851 1933 948 2017 plene
964 1931 1138 2017 legationis
1154 1931 1222 2000 olii·

96 2047 152 2112 cio
167 2064 229 2130 pro
245 2040 357 2110 arduis
373 2040 515 2126 negotiis
532 2039 753 2108 destinemus:
770 2059 830 2107 uos
853 2041 1002 2108 volentes
1019 2049 1108 2107 tuam
1123 2041 1222 2107 bono-

92 2173 172 2220 rare
197 2168 372 2238 personam
400 2155 434 2216 et
457 2167 516 2236 per
541 2149 698 2216 honorem
715 2148 774 2216 tibi
792 2149 973 2218 exhibitum
989 2149 1066 2217 aliis
1082 2147 1221 2235 gratiam

92 2260 268 2348 impertiri,
285 2255 479 2346 providendi
505 2257 703 2326 auctoritate
729 2263 843 2326 nostra
859 2277 919 2344 per
934 2264 967 2324 te
982 2257 1033 2324 vel
1049 2276 1107 2344 per
1123 2258 1222 2325 alium

92 2390 154 2438 seu
184 2369 271 2438 alios
288 2373 417 2434 centum
433 2365 587 2451 personis
604 2363 753 2452 {ydoneis
770 2365 917 2452 scicntia,
935 2365 1013 2446 vita,
1031 2365 1173 2432 moribus
1190 2375 1223 2434 et

93 2485 196 2556 etate,
213 2477 248 2543 in
264 2473 415 2542 ecclesiis
432 2482 489 2541 tue
503 2474 680 2559 legationis
698 2474 952 2542 cathedralibus
968 2479 1001 2540 et
1016 2473 1092 2541 aliis
1108 2473 1149 2539 de
1165 2475 1221 2541 be·

94 2586 227 2654 notaio
244 2582 493 2666 ecclesiasticis,
508 2582 696 2669 prebendis,
712 2583 943 2669 personatibus
954 2589 986 2650 et
996 2581 1218 2668 dignitatibus,

93 2715 169 2761 eum
186 2713 269 2760 cura
284 2699 316 2758 et
331 2694 404 2760 siue
419 2674 508 2773 cura,
525 2691 684 2760 sivacaut
701 2690 822 2760 ibidem
839 2693 881 2760 ad
892 2690 1102 2780 praestaret
1113 2708 1222 2774 quarn-

93 2803 236 2888 primnm
252 2799 296 2868 ad
313 2799 349 2866 id
366 2799 520 2867 obtulerit
536 2818 574 2864 se
590 2798 742 2882 facultas,
760 2808 793 2866 et
804 2799 948 2868 faciendi
958 2817 1121 2886 personas
1131 2799 1221 2884 ipsas

93 2913 127 2978 in
145 2909 312 2992 ecelesiis,
328 2908 363 2976 in
389 2907 507 2992 quibus
523 2907 572 2978 eis
587 2909 753 2994 provisum
772 2909 928 2990 extiterit,
942 2910 972 2980 si
987 2908 1161 2993 collegiata
1175 2907 1222 2974 iu·

93 3021 204 3100 eunt,
230 3016 263 3084 iu
289 3017 468 3086 canonicos
485 3035 544 3084 seu
560 3016 700 3086 clericos
715 3017 820 3103 recipi
836 3023 870 3084 et
885 3017 920 3084 in
936 3017 1076 3102 tratres,
1093 3033 1221 3084 necnon

92 3135 127 3194 et
150 3123 416 3194 contradictores
442 3144 503 3210 per
527 3143 702 3194 censuram
720 3125 979 3194 ecelesiasticam
996 3123 1223 3210 appellatione

92 3234 285 3321 postposita
300 3232 543 3318 compescendi,
571 3253 638 3302 uon
669 3235 823 3302 obstante
853 3239 977 3302 statuto
1007 3231 1223 3300 eeclesiarum
1349 3303 1352 3308 ,

94 3345 246 3431 ipsarum
262 3342 304 3410 de
320 3347 410 3408 nerto
428 3341 669 3410 canonicorum
685 3360 744 3412 seu
761 3341 951 3410 olorinorum
968 3360 1112 3425 numero,
1137 3339 1223 3406 iura-

94 3459 227 3533 mento,
254 3449 503 3520 confirmatione
519 3449 616 3522 Sedis
632 3452 833 3538 Apostolioc,
858 3469 917 3520 seu
935 3467 1138 3534 quacumque
1154 3449 1224 3514 alia

94 3559 253 3628 firmitate
279 3555 424 3646 vallato,
450 3566 507 3628 aut
532 3559 561 3632 si
588 3561 766 3632 direximus
792 3561 826 3628 iu
853 3561 977 3630 eisdem
994 3557 1144 3628 eeclesiis
1161 3577 1219 3642 pro

95 3669 175 3736 aliis
193 3667 318 3754 scripta
334 3673 457 3752 nostra,
484 3669 602 3752 quibus
619 3669 743 3737 nullum
759 3671 910 3739 volumus
928 3687 986 3755 per
1001 3669 1064 3735 hoc
1081 3665 1222 3752 preludi-

96 3777 185 3844 cium
210 3779 374 3860 generari,
391 3794 449 3844 seu
469 3777 498 3846 si
514 3785 565 3846 est
580 3777 746 3861 aliquibus
762 3779 804 3848 ab
822 3778 937 3846 eadem
953 3777 1034 3846 sede
1050 3775 1223 3860 indultum,

96 3883 187 3968 quod
203 3884 249 3952 ad
263 3884 487 3970 receptionem
512 3886 567 3952 uel
592 3886 814 3971 provisionem
832 3885 971 3956 alicuius
988 3883 1120 3952 minime
1134 3890 1222 3949 tene·

95 4001 204 4080 antur,
230 3991 385 4077 quodque
409 3993 453 4060 ad
470 3995 503 4062 id
520 3993 680 4080 compelli,
697 4013 759 4062 seu
775 3993 862 4078 quod
877 3993 1047 4075 interdici,
1064 3991 1223 4078 suspendi

93 4104 149 4168 vel
165 4101 442 4170 excommunicari
457 4103 671 4189 nonpossint,
688 4109 721 4170 et
736 4103 824 4186 quod
840 4102 882 4170 de
892 4101 1069 4186 beneficiis,
1081 4100 1219 4188 preben-

96 4209 160 4294 dis,
178 4210 411 4294 personatibus
427 4209 481 4276 vel
497 4209 714 4296 dignitatibus
731 4211 775 4280 ad
792 4231 902 4278 eorum
930 4211 1139 4278 collationem
1151 4208 1223 4276 siue

94 4319 381 4405 presentationem
406 4319 636 4404 spectantibus
661 4319 744 4386 nulli
769 4321 883 4388 ualeat
907 4319 1072 4406 provideri
1098 4339 1156 4404 per
1172 4317 1222 4382 lit·

94 4435 185 4496 teras
209 4426 434 4512 apostolicas,
458 4445 524 4511 que
549 4427 592 4496 de
617 4427 744 4496 indulto
772 4426 956 4496 huiusmodi
971 4427 1103 4512 plenam
1118 4431 1152 4490 et
1166 4441 1222 4490 ex·

94 4553 250 4620 pressam
265 4551 332 4599 non
348 4531 486 4602 iecerint
500 4537 712 4621 mentionem,
728 4535 800 4604 sive
815 4535 963 4620 qualibet
987 4533 1056 4600 alia
1071 4530 1156 4596 dicte
1172 4547 1222 4594 sc-

96 4643 149 4714 dis
166 4640 386 4734 indulgentia,
402 4640 444 4710 de
460 4659 525 4734 qua
541 4643 699 4734 cuiusque
714 4649 784 4714 toto
800 4649 913 4714 tenore
924 4642 965 4710 de
976 4641 1077 4710 verbo
1092 4635 1135 4705 ad
1151 4637 1222 4704 ,or-
