3142 5164
777 353 944 456 Q

297 561 373 626 suut
388 552 522 622 detenti.
542 545 660 622 Verum
676 571 750 620 cum
766 557 800 618 ct
813 551 902 619 reris
919 557 953 620 et
968 551 1067 620 certis
1082 551 1215 622 indiciis
1228 555 1426 624 Gelsitudiui

296 670 410 735 uostrc
426 667 567 741 constet,
583 663 673 748 quod
688 681 755 730 non
771 666 887 729 nostra
902 659 961 728 sed
977 661 1092 728 summi
1109 662 1193 749 Dei,
1211 664 1351 732 salutem
1370 683 1428 730 no-

297 779 401 842 stram
421 772 456 838 iu
475 775 569 841 mato
590 767 777 838 discrimine
797 767 1054 837 misericorditer
1068 771 1284 858 protegentis,
1310 777 1427 861 poten·

296 881 364 968 cia,
379 881 606 970 triumpharit,
622 887 809 969 presentem
825 878 1009 966 preclaram
1025 879 1199 948 victoriam
1214 880 1305 950 illius
1321 881 1426 949 titulis

297 997 330 1060 et
352 989 469 1060 honori
494 989 731 1073 adscribimus,
753 987 811 1072 qui
836 985 881 1055 ad
897 993 1009 1056 nostre
1030 986 1225 1058 humilitatis
1249 989 1426 1076 angustias

296 1099 461 1168 liniendas
481 1097 639 1167 immense
663 1117 722 1166 sue
748 1096 932 1167 clemencie
957 1095 1186 1165 misericordes
1213 1099 1328 1168 oculos
1350 1105 1428 1166 tunc

292 1205 548 1278 misericorditer
571 1206 762 1290 inclinarit,
788 1203 864 1274 dom
890 1209 1035 1274 extreme
1055 1205 1270 1274 necessitatis
1294 1207 1423 1295 pericn-

295 1317 363 1384 lum
378 1315 582 1384 imminebat.
595 1316 663 1384 Vos
679 1313 788 1399 igitur,
806 1311 985 1382 amicerum
997 1313 1230 1399 sincerissime,
1248 1335 1425 1400 quesumus

294 1428 406 1510 grates
422 1424 575 1493 Altisimc
603 1423 756 1492 referatis
782 1428 816 1490 et
831 1424 866 1490 iu
890 1423 1036 1506 gloriose
1059 1423 1168 1492 Mario
1196 1421 1341 1508 Virginis
1356 1425 1424 1491 lau·

295 1532 375 1618 des,
402 1551 538 1619 quorum
553 1531 709 1622 presidiis
728 1532 799 1600 vita
816 1537 930 1601 nostre
953 1532 1050 1600 morti
1064 1533 1219 1620 proxime
1235 1532 1332 1602 salva
1348 1532 1425 1600 sub·

294 1641 398 1727 stitit,
423 1648 457 1709 et
476 1640 620 1709 Romani
636 1641 768 1728 Imperii
784 1637 954 1708 Gelsitudc
970 1639 1172 1709 mirabiliter
1187 1642 1361 1708 incurvata
1375 1662 1427 1710 re·

294 1746 447 1837 spiravit,
463 1749 587 1818 virtute
602 1747 748 1816 mirabili
764 1749 875 1816 Vestri
895 1749 1006 1818 cordis
1022 1749 1140 1816 intima
1154 1748 1340 1817 resolvatis.
1357 1749 1426 1815 Da-

295 1861 364 1923 tum
379 1857 413 1925 iu
424 1857 551 1927 Castris
567 1855 657 1945 apud
673 1857 836 1946 Velspcrg
847 1857 898 1925 Vl.
910 1857 1080 1928 calendas
1092 1855 1307 1948 Septembris,
1316 1857 1425 1944 Regni

293 1966 404 2035 nostri·
414 1985 501 2035 anuo
517 1965 557 2034 V.

295 2159 335 2233 (A
348 2158 442 2234 (lepis
453 2160 491 2220 de
504 2160 734 2222 commemoriali
746 2161 840 2221 calmit
859 2162 1010 2326 vel3ucrei
1023 2159 1214 2234 tuamkcnyv
1231 2161 1261 2217 1.‘
1269 2161 1428 2221 kdtetdbol.

787 2253 848 2312 386.
860 2255 917 2312 lev.

732 2553 978 2566 -n—-n-——

817 3081 878 3147 99.

290 3275 320 3342 Ι.
337 3275 468 3362 Rudols
478 3279 696 3345 romei-ncmet
719 3279 828 3366 lcirdly
854 3280 918 3345 III.
934 3281 1053 3346 Miktds
1067 3280 1216 3368 pdpdlrcz
1231 3283 1315 3351 hold.
1333 3286 1424 3350 Mer-

288 3382 353 3468 pit,
380 3383 440 3450 IV.
467 3381 550 3450 Belo
574 3405 712 3471 mappas
726 3384 836 3473 lcirdly
852 3385 966 3473 ledupa
982 3410 1003 3451 a
1018 3391 1140 3455 mentek
1165 3389 1261 3456 letinae
1282 3393 1425 3459 ilctutdsa
1560 3493 1561 3496 Ἴ

716 3495 865 3580 ttpydlrers.
891 3495 990 3561 1278.

397 3685 544 3756 Grandis
559 3688 658 3758 adest
673 3691 771 3758 matri
787 3689 960 3760 Ecclesiae
976 3711 1082 3761 causa
1098 3691 1259 3780 laetitias,
1278 3697 1380 3766 multu
1392 3701 1425 3768 ei

291 3796 434 3864 materie
445 3797 664 3884 jocunditatis
682 3798 838 3885 advenit3
855 3799 956 3867 habet
972 3803 1068 3886 enim,
1084 3801 1172 3870 unde
1188 3803 1331 3873 Domino
1343 3827 1423 3874 cau·
1558 3831 1559 3836 ¹

290 3903 392 3971 ticum
419 3924 537 3972 novum
564 3909 694 3988 cantet,
719 3905 806 3973 uude
830 3908 1000 3978 inmensae
1019 3909 1129 3978 laudis
1144 3931 1279 3997 ymnum
1295 3915 1426 3984 referet
1557 3979 1558 3990 s

290 4011 364 4079 Deo
380 4029 450 4097 suo,
466 4011 567 4080 hebet
581 4014 677 4101 plebs
693 4015 859 4084 catholica
874 4019 1003 4085 sonoris
1013 4019 1137 4104 jubilet
1145 4021 1297 4106 vocibus,
1308 4025 1424 4092 etiae·

289 4119 333 4188 tis
358 4120 480 4189 animis
500 4121 708 4208 J'ccundstur.
736 4125 787 4192 De
812 4133 884 4194 orto
917 4127 1079 4212 siquidem
1103 4128 1180 4197 lidci
1210 4132 1424 4202 christianae
1556 4127 1557 4138 ³

289 4245 413 4314 sponsa
429 4229 614 4318 egrediens,
630 4231 768 4303 floridae
782 4233 983 4322 virginitatis
1005 4235 1153 4308 flosculis
1178 4239 1363 4330 insignita,
1379 4261 1423 4310 ex
1555 4269 1556 4272 ¹

287 4334 407 4422 Regali
431 4355 561 4424 quoque
587 4343 748 4428 progenie
764 4345 901 4414 trahens
926 4345 1085 4433 originem
1110 4369 1215 4436 nuper
1229 4352 1351 4420 meruit
1366 4369 1423 4418 ae-

287 4445 373 4512 terni
387 4446 490 4534 Regis
506 4451 621 4534 regale
637 4451 753 4519 solium
771 4453 924 4523 accensis
941 4457 1075 4526 introire
1085 4458 1308 4545 lampadibus,
1320 4479 1421 4549 spon-

286 4571 389 4638 soque
411 4553 577 4625 altissimo
604 4559 775 4646 copulari,
801 4567 921 4632 sancta
937 4564 1093 4634 videlicet
1109 4567 1345 4653 liutgardis,
1363 4569 1423 4636 in-

289 4660 361 4727 cliti
376 4664 458 4731 sccii
473 4665 577 4731 nostri
593 4672 628 4732 at
642 4665 741 4734 amici
756 4669 924 4738 karissimi
938 4673 1040 4758 Regis
1056 4673 1222 4759 Vugsriae
1232 4679 1346 4762 amita
1357 4697 1423 4765 per
