3142 5164
632 971 702 1038 112.

100 1190 167 1256 ΙΙΙ.
184 1189 305 1256 Miletos
313 1191 407 1277 pcipe
415 1190 603 1277 supponerrdl
613 1212 652 1254 az
663 1193 845 1277 esdorpomi
860 1192 998 1278 &resumpt
1013 1190 1229 1280 suffraganeus

548 1299 666 1365 uuiltoz.
687 1299 785 1365 1279.

211 1499 371 1566 Nioolans
387 1497 573 1584 Episcopus
588 1517 702 1566 seruus
719 1517 886 1566 seruorum
903 1500 967 1570 Dei
982 1502 1227 1574 venerabilibus

99 1606 262 1676 fratribus
272 1606 499 1692 Suffraganeis
510 1607 660 1675 Euolesie
681 1605 919 1692 strigoniensis
934 1608 1071 1677 salutem
1089 1618 1122 1678 et
1136 1612 1223 1698 Apo·

101 1715 256 1783 stolidam
273 1716 546 1802 benedietionem.
568 1715 617 1784 Ad
628 1717 742 1784 utilem
751 1717 972 1803 provisionem
992 1719 1225 1802 Strigonieusis

101 1825 265 1908 Eoolosia,
277 1844 375 1908 quam
386 1826 487 1892 etiam
497 1827 595 1892 totius
606 1826 709 1910 Regni
720 1824 866 1911 ngarie
882 1831 1083 1912 proventura
1099 1827 1229 1914 exinde,

101 1939 140 1998 nt
150 1941 315 2019 speratur,
328 1935 452 2002 utilitas
464 1935 579 2020 exigit,
597 1952 635 2000 eo
646 1935 844 2020 propensius
861 1933 1038 2020 pastoralis
1054 1933 1153 2004 oflioii
1169 1957 1228 2004 uos

100 2061 184 2109 oure
193 2043 360 2128 sollicitat,
371 2061 435 2126 quo
446 2040 491 2111 ad
501 2064 542 2112 ea
551 2061 617 2110 nou
628 2041 732 2110 solum
744 2044 835 2110 zelus
846 2044 969 2111 exultat
981 2050 1014 2112 et
1025 2046 1229 2114 oonsoieutia

100 2151 398 2238 argonautarum,
410 2149 568 2218 sedilium
579 2158 613 2219 et
624 2149 781 2220 instantia
792 2171 852 2220 sua
868 2151 964 2218 nobis
975 2171 1040 2218 uon
1050 2154 1163 2236 ignota
1173 2174 1227 2222 ne-

100 2261 274 2328 cessitatis
284 2260 440 2345 exposuit.
453 2260 610 2328 Novimus
621 2259 749 2345 etenim,
761 2261 849 2345 quod
865 2260 1035 2328 electionis
1051 2262 1093 2330 de
1109 2262 1228 2330 dileoto

98 2369 170 2438 tilio
187 2369 328 2436 Nioolao
344 2368 516 2454 Proposito
527 2367 748 2435 Transilvuno
761 2365 881 2435 dudum
898 2369 931 2434 in
948 2367 1065 2436 eadem
1076 2370 1228 2438 Euolesia

99 2477 271 2545 celebrate
295 2477 456 2562 cognitio,
482 2496 539 2560 per
563 2477 658 2542 varia
682 2474 885 2562 subterfugia
910 2483 1080 2563 protracta
1096 2478 1229 2564 diutius,

98 2593 218 2671 utpote
228 2585 334 2656 feliois
355 2586 590 2654 reeordationis
609 2585 759 2671 Gregorii
775 2587 866 2673 Papo
882 2587 924 2652 X.
941 2588 1044 2657 nostri
1059 2587 1229 2672 predeces-

98 2693 189 2766 soris
205 2695 359 2762 inohoata
375 2697 587 2780 temporibus,
608 2703 640 2762 et
655 2696 820 2780 usquead
836 2701 952 2763 nostru
973 2696 1117 2764 dedueta
1126 2747 1135 2781 ,
1152 2717 1229 2764 ean·

98 2805 180 2872 dem
198 2803 381 2870 Euolesiam
397 2803 523 2871 diutine
549 2803 734 2872 voeatiouis
761 2808 896 2874 vexavit
921 2795 1111 2890 iuoomodis,
1138 2806 1229 2872 attri-

98 2914 151 2980 vit
165 2911 295 2980 iuiuriis
313 2916 346 2976 et
361 2911 546 2998 dispendiis
561 2911 746 2982 immensis
760 2910 888 2998 afflixit,
910 2916 1145 3000 propterquod
1171 2934 1231 2982 uos

99 3019 291 3090 huiusmodi
317 3019 528 3104 subterfugiis
555 3021 743 3088 nouomodis
759 3021 913 3090 remediis
930 3021 991 3088 iuri
1008 3023 1164 3092 oonsouis
1180 3041 1230 3087 oe·

100 3136 268 3213 ourentes,
285 3127 419 3196 tandem
438 3131 596 3198 electione
615 3131 688 3217 ipsa
708 3129 750 3198 de
767 3131 904 3198 fratrum
922 3137 1107 3198 nostrorum
1124 3131 1231 3198 oonsi-

99 3241 160 3324 lio,
186 3239 314 3308 iustitia
339 3237 492 3325 exigente
518 3247 671 3326 cassata,
698 3246 731 3306 et
746 3241 969 3327 postulatione
986 3243 1025 3306 de
1050 3239 1231 3308 vonerabili

100 3347 209 3416 tratre
236 3351 349 3414 nostro
367 3393 375 3412 .
392 3395 399 3410 .
417 3393 426 3411 .
444 3346 677 3432 vesprimiensi
702 3349 866 3436 Episoopo
892 3349 924 3414 in
946 3347 1063 3415 eadem
1079 3347 1232 3416 Euolesia

99 3457 284 3541 eelebrate,
302 3475 367 3522 uon
393 3473 533 3540 persone
559 3457 659 3541 vitio,
676 3477 749 3526 oum
775 3459 876 3526 otiam
892 3457 1060 3542 cognitum
1078 3455 1175 3542 plene
1191 3457 1232 3522 de

99 3569 181 3654 ipsa
206 3585 273 3633 non
297 3564 413 3649 fuerit,
441 3564 502 3631 sed
526 3572 661 3651 propter
688 3565 774 3634 alins
790 3565 868 3634 faeti
886 3565 1150 3632 oiroumstautias
1166 3584 1230 3634 uon

99 3674 265 3758 admissa,
281 3693 323 3740 ne
338 3673 470 3740 raoatio
485 3673 653 3758 prolixior,
671 3693 768 3758 quam
780 3673 966 3742 verisimilis
978 3672 1140 3743 dissensio
1151 3671 1231 3740 Stri·

98 3782 274 3869 gonieusis
300 3779 447 3866 Capituli
475 3785 508 3847 et
523 3783 673 3851 nonnula
688 3783 757 3849 alia
772 3783 993 3865 minabuntur,
1009 3783 1165 3867 graviora
1182 3781 1231 3848 ei-

98 3897 178 3962 dem
204 3889 360 3959 Eoolesie
386 3889 554 3973 ingereret
579 3891 797 3977 detrimenta,
827 3889 890 3958 hae
915 3892 988 3959 vioe
1012 3891 1233 3981 provisionem

96 4000 208 4089 ipsius
231 3997 385 4066 lloolosio
411 3995 492 4065 Sodi
508 3997 702 4083 Apostolioe
730 3998 882 4067 duximus
907 3998 1152 4068 reservandum.
1171 4001 1233 4067 Vo-

95 4113 286 4180 rumtemen
307 4103 351 4174 ad
366 4123 439 4174 enm
455 4105 659 4191 aliquamdiu
675 4108 852 4192 prooedere
877 4127 943 4176 non
960 4109 1034 4178 sine
1050 4127 1156 4178 eausa
1171 4107 1234 4178 dis·

94 4217 258 4300 tulimus,
280 4220 316 4281 ut
331 4219 480 4300 tempore
504 4211 581 4282 dato
597 4220 641 4282 ad
666 4213 933 4284 informationem
950 4217 1177 4304 reoipieudam
1193 4215 1235 4284 de

93 4343 247 4414 persona
273 4323 379 4412 ipsius
406 4322 560 4392 lloolesie
576 4322 692 4392 honori
711 4330 744 4393 et
760 4327 853 4394 oneri
869 4335 1086 4411 congruente,
1111 4332 1234 4412 quanto

92 4434 263 4504 maturina
273 4482 282 4518 ,
308 4438 400 4500 tauto
426 4431 615 4518 oonsultius,
633 4439 792 4518 tantoque
808 4435 921 4505 utilius
937 4436 1031 4503 iuxta
1050 4440 1163 4503 nostra
1179 4433 1235 4502 de·

91 4543 227 4614 siderio
244 4539 397 4610 Boolesie
412 4541 661 4630 provideremus
672 4540 789 4612 eidem.
805 4545 944 4613 Demum
960 4549 1073 4614 eutem
1083 4538 1233 4628 personis

89 4649 383 4724 nutriremus
400 4648 651 4722 deliberationis
665 4651 857 4732 sorutiniunu
878 4649 1098 4736 introductis,
1113 4645 1146 4716 in
1173 4665 1233 4726 re·
