3142 5170
835 294 998 406 ffl—

354 497 517 584 dupplieis
534 495 636 583 sigilli
651 498 755 566 nostri
772 494 949 562 munimine
968 494 1152 560 roboratus.
1177 493 1299 559 Datum
1322 508 1383 576 per
1405 509 1463 555 mu
1548 501 1549 508 ³

355 625 417 678 uus
432 606 633 676 venerabilis
649 604 754 692 patris
770 602 895 670 Thome
911 599 976 666 Dei
990 599 1104 684 guamo
1119 597 1464 686 EpiseopiWseieusir

355 717 430 784 aule
445 721 556 783 nostre
572 709 779 794 Oauuellarii,
797 709 911 778 dileeti
932 715 964 774 et
986 705 1092 775 fidelis
1109 707 1222 788 nostri,
1238 725 1326 772 anno
1343 703 1464 772 Domini

355 823 528 892 millesimo
544 821 765 890 ducentesimo
791 817 1013 904 octuagesimo
1030 815 1154 899 quinto,
1170 814 1276 900 Regni
1292 821 1403 882 autem
1417 832 1465 880 uo·

356 931 415 998 otri
430 949 517 998 auno
532 929 721 1011 tredecimo,
738 924 979 1012 quintodecimo
995 923 1160 993 kalendas
1175 922 1323 1008 Augusti.

465 1140 612 1215 (Ersdetie
624 1160 642 1202 u
655 1143 779 1200 namneti
792 1155 922 1199 museum
933 1136 1059 1198 kdniruti
1069 1133 1359 1214 gpdjterne'updbeu.)

803 1453 1047 1470 Η-

881 2040 953 2106 litu

359 2243 381 2306 1
385 2241 420 2307 V.
437 2240 598 2306 Honorius
608 2243 699 2328 pcipe
723 2261 744 2302 u
766 2239 952 2326 uyulszt'pett'
975 2237 1217 2324 boldoqneezouy
1240 2238 1380 2324 zdrddju
1389 2238 1467 2324 jeje·

359 2347 676 2438 delensaeazouydnak
700 2349 877 2435 meyerd'atti
900 2371 920 2412 o
944 2347 1186 2433 boldopamaooy
1202 2345 1300 2410 badad
1316 2346 1470 2432 templorum
1548 2345 1549 2392 ἓ

608 2449 839 2544 jdoedelmdne'lr
855 2456 1093 2522 barmadrdsztt.
1120 2455 1214 2518 1285.

466 2671 629 2738 Honorius
656 2671 840 2758 Episcopus
867 2687 979 2738 neruus
1006 2687 1175 2737 seruorum
1201 2668 1266 2736 Dei
1291 2668 1419 2737 dileetio
1440 2669 1470 2734 in

359 2781 488 2848 christo
511 2779 641 2846 filiabus
670 2826 729 2843 ...
757 2780 916 2846 Priorisse
945 2784 977 2844 ot
993 2777 1175 2845 Gonueutui
1202 2777 1356 2846 Sororum
1378 2778 1471 2846 inolu-

360 2908 469 2958 sarum
487 2887 678 2956 dionosterii
695 2889 816 2955 Sanote
832 2887 934 2954 Maris
959 2887 991 2951 iu
1017 2886 1128 2952 Insula
1154 2887 1321 2971 Danubii,
1349 2884 1472 2954 Ordinis

360 2997 474 3066 Ssueti
489 2994 663 3080 Augustini
680 2994 859 3062 seeundum
874 2994 1035 3073 instituta,
1052 3001 1085 3060 et
1100 2993 1160 3060 sub
1178 3013 1257 3060 eura
1270 2994 1409 3062 fratrum
1418 2994 1470 3062 Or·

360 3105 449 3176 dinis
463 3103 709 3172 Predieatorum
726 3104 923 3184 viventibus,
937 3104 1192 3190 vesprimiensis
1209 3101 1374 3189 Diomedis,
1390 3104 1472 3170 salu·
1548 3183 1549 3192 ἵ

360 3219 425 3282 tem
452 3219 485 3278 et
509 3212 732 3298 Apostolieam
759 3213 1034 3281 benedietiouem.
1051 3212 1172 3278 Petitio
1187 3219 1300 3280 vestra
1314 3212 1411 3280 nobis
1426 3232 1472 3279 ex·
1548 3287 1549 3300 χ

361 3323 466 3390 hibita
482 3322 680 3405 eontinobnt,
697 3320 785 3406 quod
800 3324 888 3390 elare
903 3319 1060 3388 memorie
1075 3321 1159 3388 Bela
1178 3321 1250 3387 Rex
1266 3320 1414 3406 ngarie
1429 3321 1474 3388 ius
1548 3343 1549 3392 t

361 3439 552 3522 patronatus
568 3431 718 3500 Euelesie
734 3433 856 3500 Suuote
870 3432 975 3499 Marie
991 3432 1024 3497 iu
1046 3434 1157 3498 Monte
1173 3430 1331 3513 Budeuni,
1348 3431 1474 3518 Vespri·

362 3541 497 3611 mieusis
514 3538 677 3626 Diooesis,
693 3547 770 3608 tune
786 3541 831 3608 ad
847 3541 954 3626 ipsum
970 3539 1150 3626 pertinens,
1166 3547 1199 3606 et
1223 3540 1379 3626 quiequid
1402 3540 1476 3608 iuris
1548 3529 1549 3598 Ῑ

362 3653 396 3720 ἱιι
412 3651 530 3719 eadem
545 3650 707 3735 beolario,
719 3669 819 3735 quam
834 3648 1040 3737 fundaverat,
1057 3648 1239 3736 obtinebat,
1255 3649 1352 3719 robis
1368 3656 1404 3716 et
1412 3651 1475 3714 bio-
1548 3651 1549 3658 ³

363 3759 507 3828 neuterio
524 3765 635 3828 vestro
651 3760 685 3826 iu
712 3759 814 3844 ipsius
832 3759 981 3827 Eeelesie
1002 3757 1191 3828 fundatione
1206 3778 1267 3844 pro
1283 3765 1398 3826 uestra
1412 3775 1477 3826 sus·

363 3868 546 3938 tentatione
562 3867 669 3952 Regia
695 3867 897 3936 liberalitate
923 3867 1097 3952 ooneessit‚
1114 3887 1240 3952 vosque
1256 3874 1377 3934 extuue
1398 3866 1477 3936 duas

363 3981 475 4064 partes
490 3981 706 4062 proventuum
731 3974 835 4061 ipsius
862 3973 1010 4043 Euolesie
1036 3975 1243 4060 pereepistis,
1260 3975 1392 4044 uleriois
1408 3994 1478 4042 ser·
1548 4027 1549 4064 r

365 4084 527 4155 uieutibus
543 4085 578 4152 iu
592 4083 707 4153 eodem
724 4083 878 4154 Eeolosia
890 4085 1050 4168 reliquam
1078 4086 1209 4152 tertiam
1224 4081 1481 4171 percipientibus

364 4194 557 4283 portionem.
583 4192 723 4262 Domum
749 4198 857 4260 antem
882 4191 1080 4261 venerabilis
1105 4191 1208 4260 irater
1220 4198 1332 4260 noster
1349 4240 1356 4254 .
1373 4239 1381 4256 .
1400 4241 1409 4256 .
1425 4191 1482 4258 Ar·

365 4303 593 4389 ebiepisoopus
608 4301 862 4389 strigoniensis,
879 4321 1044 4386 assereus,
1062 4321 1125 4386 que
1144 4300 1187 4369 de
1203 4319 1287 4368 nouo
1304 4297 1483 4367 tundantur

365 4413 400 4480 iu
416 4414 530 4495 Regno
546 4409 702 4498 ngarie,
719 4431 760 4480 ex
776 4408 954 4482 donatione
978 4411 1084 4497 Regis
1108 4409 1154 4478 ad
1173 4429 1247 4478 eum
1262 4408 1373 4493 quoad
1390 4409 1483 4494 spiri-

366 4517 471 4588 tualia
486 4518 673 4588 immediate
688 4525 851 4606 speetare,
868 4539 933 4588 non
950 4519 1021 4587 siue
1036 4525 1148 4586 vestro
1174 4515 1369 4600 manamine
1394 4523 1484 4602 post-

367 4629 496 4696 modum
522 4627 696 4712 ordinarit,
711 4633 747 4694 ut
760 4625 899 4712 predioti
916 4627 1028 4694 oleriei
1048 4623 1131 4694 duas
1155 4633 1290 4714 portes,
1316 4643 1376 4692 vos
1404 4643 1484 4692 vero
