3156 5158
687 899 721 962 4.

139 1113 180 1178 Χ.
198 1081 336 1202 Gergeiy
347 1077 502 1203 po‘puII.
520 1115 665 1197 otakaro,
687 1115 753 1178 eaelo
769 1116 890 1200 loir-riiyt
905 1117 976 1197 iuti,
987 1117 1073 1220 ⁸ltepy
1091 1141 1129 1182 az
1152 1117 1186 1182 V.
1204 1119 1265 1187 Iat-

139 1225 200 1286 uriu
217 1245 351 1310 muyyur
365 1222 542 1310 kirolylpat
568 1223 664 1287 terete
689 1219 856 1309 belreaaeqe't
880 1224 987 1288 aureole
1012 1225 1181 1311 utodjcinol
1205 1229 1225 1292 1
1232 1228 1266 1294 V.

354 1377 358 1385 ·
473 1329 642 1416 Ldsziovui
657 1333 686 1396 io
701 1340 812 1396 tortae.
837 1332 938 1396 1272-

252 1547 435 1636 Gregorius
451 1547 638 1634 Episeopus
655 1565 770 1636 servus
787 1566 952 1616 serrorum
970 1547 1032 1616 Dei
1049 1548 1217 1618 rarissimo
1232 1550 1268 1618 in

141 1653 271 1724 Christo
286 1656 355 1722 filio
373 1707 380 1720 .
399 1707 406 1727 .
425 1705 431 1722 .
448 1654 532 1740 Regi
548 1656 682 1723 Boemie
697 1655 822 1722 Illustri
833 1655 975 1724 salutem
992 1663 1024 1723 et
1039 1658 1265 1744 Apostolioam

140 1763 410 1834 benedictionem.
427 1766 606 1832 Paternum
623 1765 666 1832 ad
683 1769 739 1830 tue
759 1763 973 1832 Celaitudinis
986 1767 1183 1834 incrementa
1199 1787 1266 1834 mo·

139 1891 208 1938 rem
224 1872 379 1958 gerimus,
397 1872 473 1940 dnm
489 1879 522 1938 te
537 1871 583 1938 ad
599 1892 648 1956 ea,
666 1891 729 1956 que
755 1873 858 1939 saluti
883 1873 1065 1958 expediunt
1090 1881 1122 1940 et
1151 1875 1267 1944 honori

139 1988 198 2048 tuo
215 1987 407 2064 congruunt,
436 1979 585 2048 sollicitis
610 1979 845 2048 monitionibus
862 1979 1038 2048 inritamus
1055 2005 1063 2048 ε
1081 1983 1266 2069 persnasio·

140 2109 202 2156 nes
218 2090 330 2174 itaque
348 2095 478 2158 nostras
495 2089 617 2156 devota
638 2093 746 2156 mente
763 2088 946 2176 surripiat,
963 2089 1007 2154 ad
1032 2110 1090 2174 ea,
1117 2110 1180 2174 que
1205 2091 1266 2158 tibi

139 2197 285 2285 benigne
300 2197 524 2283 suggerimus,
543 2203 674 2282 apertos
700 2195 871 2263 habiturus
888 2197 1020 2283 oeulos,
1038 2202 1072 2264 at
1087 2218 1184 2268 nores
1200 2198 1266 2266 illis

139 2306 350 2374 adhibiturus
374 2306 536 2390 intentas3
561 2313 597 2370 nt
622 2306 656 2370 in
682 2304 819 2372 rationis
835 2303 977 2372 deducta
994 2311 1154 2374 secretum
1172 2312 1205 2372 et
1220 2308 1267 2392 ip-

139 2415 209 2482 sius
226 2415 416 2483 examinata
433 2413 591 2482 serutinio
622 2413 836 2480 admittantur
863 2412 1048 2484 devotionis
1065 2421 1097 2483 et
1121 2415 1268 2502 pressius

138 2523 362 2611 (expressius)
378 2521 604 2608 imprimantur
621 2547 629 2588 ε
646 2521 795 2589 admissa
820 2527 853 2588 et
879 2523 1042 2608 impressa
1057 2521 1264 2610 fructificent,

137 2633 364 2719 germinatura
379 2651 497 2717 paoem
514 2636 549 2698 et
565 2631 764 2716 productura
780 2629 933 2716 quietem,
945 2629 1144 2718 procidendo
1161 2631 1266 2700 inimi-

139 2739 291 2808 citiarum
309 2759 429 2808 oausas
445 2745 478 2808 et
493 2738 658 2808 amioitias
675 2737 929 2824 augmentando.
955 2737 1071 2820 Nosti,
1103 2739 1149 2806 fili
1166 2740 1266 2808 earis-

140 2850 245 2936 sime,
263 2851 351 2934 qnod
367 2855 441 2934 post
466 2851 561 2918 naria
585 2853 618 2914 et
632 2848 749 2933 gravia
763 2866 952 2932 guerrarum
969 2847 1167 2936 discrimina,
1182 2869 1267 2935 quas

138 2961 231 3028 inter
255 2965 290 3026 te
314 2977 354 3026 ae
381 2957 472 3026 olare
497 2956 652 3024 memorie
679 2956 881 3042 Stephanum
902 2956 1026 3042 Regem
1043 2953 1189 3042 Ungarie
1206 2958 1266 3026 ini-

138 3066 245 3138 mious
260 3067 393 3134 hnmani
406 3067 540 3154 generis
556 3067 651 3154 panis
663 3067 838 3154 impatiens
854 3065 1011 3134 excitavit
1027 3091 1034 3132 :
1052 3073 1129 3152 post
1145 3087 1266 3152 graves

139 3197 183 3244 ex
199 3179 247 3244 eis
264 3176 339 3244 hine
355 3173 431 3244 inde
446 3195 665 3262 personarum
682 3181 833 3260 strages,
860 3174 1067 3258 grandiaque
1093 3195 1200 3242 rerum
1216 3197 1266 3246 se·

138 3293 216 3353 nuta
231 3283 425 3372 dispendia,
442 3284 648 3370 disponendo
673 3284 765 3370 panis
782 3289 893 3348 aetore
902 3333 912 3368 ,
939 3285 1023 3348 inter
1039 3292 1070 3348 te
1086 3303 1127 3350 ae
1143 3284 1265 3370 Regem

140 3393 281 3465 eundem
297 3393 479 3461 reformata
494 3391 668 3460 oonoordia
692 3390 822 3458 firmata
846 3396 922 3458 sunt
947 3389 1063 3456 federa
1088 3391 1267 3460 iuramenti

141 3513 177 3574 et
193 3523 352 3590 penarum
369 3501 564 3589 adiectione,
582 3499 839 3569 confirmationis
850 3505 961 3566 nostre
976 3500 1020 3566 ad
1036 3507 1123 3567 tuam
1140 3505 1174 3567 et
1189 3501 1265 3587 ipsi·

140 3633 181 3682 us
197 3613 390 3681 instantiam
406 3631 447 3679 ao
463 3611 602 3678 aliarum
619 3609 805 3677 firmitatum
831 3607 949 3678 robore
975 3605 1186 3696 confirmata,
1204 3629 1267 3694 qne

138 3723 230 3790 idem
247 3724 317 3788 Rex
334 3725 402 3788 toto
420 3721 486 3786 vite
503 3740 560 3786 sne
576 3727 722 3805 tempore
738 3718 858 3784 dieitur
883 3717 1087 3784 observasse.
1116 3718 1267 3786 Ueterum

140 3836 322 3900 memorato
348 3828 431 3913 Regi
457 3829 646 3896 norissimus
675 3829 707 3894 in
734 3825 863 3896 christo
888 3825 973 3892 tilius
1002 3826 1171 3894 Latiniano
1197 3830 1266 3896 Rex

139 3939 299 4026 Ungarie,
315 3943 350 4004 nt
365 3943 422 4004 tua
436 3938 528 4005 norit
543 3937 739 4023 sublimitas,
756 3937 788 4002 in
805 3937 920 4020 Regno
931 3938 1107 4004 suecessit:
1125 3938 1179 4021 qui
1193 3959 1264 4004 oum

140 4051 186 4119 sit
202 4049 312 4116 adhue
327 4047 427 4114 etatis
443 4046 635 4133 innocentis,
653 4045 696 4114 de
711 4046 804 4114 nulla
820 4052 931 4111 eontra
948 4049 981 4111 te
1007 4049 1117 4131 potest
1142 4033 1267 4114 offensa

138 4157 263 4227 notari.
279 4157 321 4224 Et
337 4175 409 4222 enm
425 4157 532 4241 ipsum
548 4154 625 4224 iiliis
641 4155 706 4222 tuis
722 4155 832 4238 uniat,
859 4153 943 4222 siout
969 4155 1175 4240 aooepimus,
1192 4175 1267 4222 san·

139 4269 252 4354 guinis
269 4265 377 4334 unitas
387 4316 397 4352 ,
415 4271 530 4334 eontra
546 4283 618 4331 eum
636 4265 728 4332 nulla
744 4264 806 4330 tibi
823 4263 863 4330 de
879 4261 989 4328 futuro
1005 4262 1193 4334 verisimilis
1210 4282 1266 4348 po·

138 4383 206 4447 test
221 4395 296 4446 esse
311 4375 466 4462 suspirio,
483 4393 581 4459 qnam
597 4375 757 4442 naturalis
772 4373 879 4460 potius
900 4373 1082 4441 noneolum
1094 4371 1266 4442 excludere

137 4487 242 4556 debet
257 4486 390 4554 omnino
408 4483 613 4570 eoniunetio,
640 4483 700 4552 sed
728 4490 760 4551 et
776 4483 1015 4572 suspieantium
1030 4481 1131 4552 eorda
1144 4501 1266 4570 ponere

137 4597 176 4665 in
193 4596 385 4682 tranquillo.
413 4594 465 4664 Ad
481 4593 689 4664 observanda
706 4591 805 4684 igitur
829 4593 879 4662 illi
895 4613 967 4660 oum
984 4595 1161 4660 memorato
1177 4589 1265 4676 geni·
