<?xml version="1.0" encoding="UTF-8"?>
<!DOCTYPE html PUBLIC "-//W3C//DTD XHTML 1.0 Transitional//EN"
    "http://www.w3.org/TR/xhtml1/DTD/xhtml1-transitional.dtd">
<html xmlns="http://www.w3.org/1999/xhtml" xml:lang="en" lang="en">
 <head>
  <title>
</title>
<meta http-equiv="Content-Type" content="text/html;charset=utf-8" />
  <meta name='ocr-system' content='tesseract 3.04.00' />
  <meta name='ocr-capabilities' content='ocr_page ocr_carea ocr_par ocr_line ocrx_word'/>
</head>
<body>
  <div class='ocr_page' id='page_1' title='image "./codexdiplomatic08wenzgoog_0333.png"; bbox 0 0 3142 5170; ppageno 0'>
   <div class='ocr_carea' id='block_1_1' title="bbox 123 290 1257 2084">
    <p class='ocr_par' dir='ltr' id='par_1_1' title="bbox 123 290 1257 2084">
     <span class='ocr_line' id='line_1_1' title="bbox 615 290 775 390; baseline 0 0"><span class='ocrx_word' id='word_1_1' title='bbox 615 290 775 390; x_wconf 67' lang='lat'>„³⁰³-</span> 
     </span>
     <span class='ocr_line' id='line_1_2' title="bbox 131 484 1256 573; baseline -0.001 -21"><span class='ocrx_word' id='word_1_2' title='bbox 131 495 196 556; x_wconf 87' lang='lat' dir='ltr'><strong>tate</strong></span> <span class='ocrx_word' id='word_1_3' title='bbox 211 491 510 556; x_wconf 86' lang='lat' dir='ltr'><strong>commetaueornm</strong></span> <span class='ocrx_word' id='word_1_4' title='bbox 527 505 669 569; x_wconf 87' lang='lat' dir='ltr'><strong>snorum,</strong></span> <span class='ocrx_word' id='word_1_5' title='bbox 680 488 907 570; x_wconf 76' lang='lat' dir='ltr'><strong>magistrorum</strong></span> <span class='ocrx_word' id='word_1_6' title='bbox 919 484 1072 553; x_wconf 87' lang='lat' dir='ltr'><strong>uidelicet</strong></span> <span class='ocrx_word' id='word_1_7' title='bbox 1080 486 1256 573; x_wconf 82' lang='lat' dir='ltr'><strong>Michalclr,</strong></span> 
     </span>
     <span class='ocr_line' id='line_1_3' title="bbox 128 591 1256 680; baseline -0.002 -18"><span class='ocrx_word' id='word_1_8' title='bbox 128 603 161 662; x_wconf 89' lang='lat' dir='ltr'><strong>et</strong></span> <span class='ocrx_word' id='word_1_9' title='bbox 177 595 298 680; x_wconf 79' lang='lat' dir='ltr'><strong>Emnr,</strong></span> <span class='ocrx_word' id='word_1_10' title='bbox 317 595 349 660; x_wconf 94' lang='lat' dir='ltr'><strong>in</strong></span> <span class='ocrx_word' id='word_1_11' title='bbox 365 591 468 660; x_wconf 89' lang='lat' dir='ltr'><strong>nostri</strong></span> <span class='ocrx_word' id='word_1_12' title='bbox 493 593 700 679; x_wconf 87' lang='lat' dir='ltr'><strong>presenciam</strong></span> <span class='ocrx_word' id='word_1_13' title='bbox 726 592 927 676; x_wconf 88' lang='lat' dir='ltr'><strong>astantium,</strong></span> <span class='ocrx_word' id='word_1_14' title='bbox 954 595 1120 676; x_wconf 88' lang='lat' dir='ltr'><strong>quandam</strong></span> <span class='ocrx_word' id='word_1_15' title='bbox 1134 601 1256 661; x_wconf 88' lang='lat' dir='ltr'><strong>terram</strong></span> 
     </span>
     <span class='ocr_line' id='line_1_4' title="bbox 128 700 1256 797; baseline -0.001 -29"><span class='ocrx_word' id='word_1_16' title='bbox 128 700 271 789; x_wconf 91' lang='lat' dir='ltr'><strong>ipsorum</strong></span> <span class='ocrx_word' id='word_1_17' title='bbox 286 701 471 797; x_wconf 80' lang='lat' dir='ltr'><strong>chrirnus</strong></span> <span class='ocrx_word' id='word_1_18' title='bbox 500 707 674 785; x_wconf 90' lang='lat' dir='ltr'><strong>uocatam,</strong></span> <span class='ocrx_word' id='word_1_19' title='bbox 701 721 775 766; x_wconf 88' lang='lat' dir='ltr'><strong>cum</strong></span> <span class='ocrx_word' id='word_1_20' title='bbox 801 700 952 768; x_wconf 92' lang='lat' dir='ltr'><strong>omnibus</strong></span> <span class='ocrx_word' id='word_1_21' title='bbox 976 700 1172 770; x_wconf 75' lang='lat' dir='ltr'><strong>utilitatibus</strong></span> <span class='ocrx_word' id='word_1_22' title='bbox 1187 702 1256 768; x_wconf 92' lang='lat' dir='ltr'><strong>suis</strong></span> 
     </span>
     <span class='ocr_line' id='line_1_5' title="bbox 127 807 1253 896; baseline -0.001 -20"><span class='ocrx_word' id='word_1_23' title='bbox 127 817 162 876; x_wconf 91' lang='lat' dir='ltr'><strong>et</strong></span> <span class='ocrx_word' id='word_1_24' title='bbox 176 809 403 896; x_wconf 75' lang='lat' dir='ltr'><strong>pertinenciis,</strong></span> <span class='ocrx_word' id='word_1_25' title='bbox 420 809 512 875; x_wconf 86' lang='lat' dir='ltr'><strong>iuxta</strong></span> <span class='ocrx_word' id='word_1_26' title='bbox 528 808 695 874; x_wconf 80' lang='lat' dir='ltr'><strong>Morisinm</strong></span> <span class='ocrx_word' id='word_1_27' title='bbox 715 807 933 894; x_wconf 87' lang='lat' dir='ltr'><strong>adiacentem,</strong></span> <span class='ocrx_word' id='word_1_28' title='bbox 944 809 1054 892; x_wconf 85' lang='lat' dir='ltr'><strong>Berga</strong></span> <span class='ocrx_word' id='word_1_29' title='bbox 1070 807 1196 894; x_wconf 82' lang='lat' dir='ltr'><strong>Oomiti,</strong></span> <span class='ocrx_word' id='word_1_30' title='bbox 1214 829 1253 875; x_wconf 87' lang='lat' dir='ltr'><strong>ac</strong></span> 
     </span>
     <span class='ocr_line' id='line_1_6' title="bbox 126 914 1251 1006; baseline 0.001 -22"><span class='ocrx_word' id='word_1_31' title='bbox 126 917 206 1006; x_wconf 87' lang='lat' dir='ltr'><strong>lilijs</strong></span> <span class='ocrx_word' id='word_1_32' title='bbox 218 917 290 984; x_wconf 91' lang='lat' dir='ltr'><strong>suis</strong></span> <span class='ocrx_word' id='word_1_33' title='bbox 298 919 421 984; x_wconf 87' lang='lat' dir='ltr'><strong>Kemen</strong></span> <span class='ocrx_word' id='word_1_34' title='bbox 433 914 693 998; x_wconf 76' lang='lat' dir='ltr'><strong>(tomitiAndroe</strong></span> <span class='ocrx_word' id='word_1_35' title='bbox 704 923 737 982; x_wconf 88' lang='lat' dir='ltr'><strong>et</strong></span> <span class='ocrx_word' id='word_1_36' title='bbox 746 917 844 984; x_wconf 90' lang='lat' dir='ltr'><strong>Petro</strong></span> <span class='ocrx_word' id='word_1_37' title='bbox 855 935 913 1002; x_wconf 92' lang='lat' dir='ltr'><strong>pro</strong></span> <span class='ocrx_word' id='word_1_38' title='bbox 925 916 1111 1000; x_wconf 88' lang='lat' dir='ltr'><strong>quindecim</strong></span> <span class='ocrx_word' id='word_1_39' title='bbox 1120 918 1251 1000; x_wconf 89' lang='lat' dir='ltr'><strong>marcis,</strong></span> 
     </span>
     <span class='ocr_line' id='line_1_7' title="bbox 127 1023 1252 1110; baseline -0.002 -15"><span class='ocrx_word' id='word_1_40' title='bbox 127 1063 224 1076; x_wconf 89' lang='lat'><strong>-—·—</strong></span> <span class='ocrx_word' id='word_1_41' title='bbox 236 1033 270 1094; x_wconf 90' lang='lat' dir='ltr'><strong>et</strong></span> <span class='ocrx_word' id='word_1_42' title='bbox 285 1025 433 1110; x_wconf 89' lang='lat' dir='ltr'><strong>plenarie</strong></span> <span class='ocrx_word' id='word_1_43' title='bbox 443 1023 590 1109; x_wconf 89' lang='lat' dir='ltr'><strong>acceptis</strong></span> <span class='ocrx_word' id='word_1_44' title='bbox 602 1023 646 1090; x_wconf 92' lang='lat' dir='ltr'><strong>ab</strong></span> <span class='ocrx_word' id='word_1_45' title='bbox 663 1023 797 1101; x_wconf 88' lang='lat' dir='ltr'><strong>eisdem,</strong></span> <span class='ocrx_word' id='word_1_46' title='bbox 808 1042 870 1090; x_wconf 89' lang='lat' dir='ltr'><strong>nec</strong></span> <span class='ocrx_word' id='word_1_47' title='bbox 885 1044 951 1091; x_wconf 93' lang='lat' dir='ltr'><strong>non</strong></span> <span class='ocrx_word' id='word_1_48' title='bbox 968 1025 1146 1092; x_wconf 77' lang='lat' dir='ltr'><strong>heredibus</strong></span> <span class='ocrx_word' id='word_1_49' title='bbox 1164 1026 1252 1093; x_wconf 86' lang='lat' dir='ltr'><strong>bere·</strong></span> 
     </span>
     <span class='ocr_line' id='line_1_8' title="bbox 126 1130 1250 1218; baseline -0.002 -18"><span class='ocrx_word' id='word_1_50' title='bbox 126 1135 268 1218; x_wconf 84' lang='lat' dir='ltr'><strong>dumque</strong></span> <span class='ocrx_word' id='word_1_51' title='bbox 284 1130 529 1202; x_wconf 90' lang='lat' dir='ltr'><strong>successoribus</strong></span> <span class='ocrx_word' id='word_1_52' title='bbox 547 1131 733 1216; x_wconf 89' lang='lat' dir='ltr'><strong>eorundem,</strong></span> <span class='ocrx_word' id='word_1_53' title='bbox 750 1133 819 1197; x_wconf 90' lang='lat' dir='ltr'><strong>inre</strong></span> <span class='ocrx_word' id='word_1_54' title='bbox 835 1137 1014 1218; x_wconf 89' lang='lat' dir='ltr'><strong>perpetuo,</strong></span> <span class='ocrx_word' id='word_1_55' title='bbox 1032 1140 1065 1199; x_wconf 90' lang='lat' dir='ltr'><strong>et</strong></span> <span class='ocrx_word' id='word_1_56' title='bbox 1081 1133 1250 1200; x_wconf 85' lang='lat' dir='ltr'><strong>inrevoca-</strong></span> 
     </span>
     <span class='ocr_line' id='line_1_9' title="bbox 127 1237 1253 1330; baseline -0.003 -21"><span class='ocrx_word' id='word_1_57' title='bbox 127 1243 237 1309; x_wconf 91' lang='lat' dir='ltr'><strong>biliter</strong></span> <span class='ocrx_word' id='word_1_58' title='bbox 253 1240 488 1330; x_wconf 84' lang='lat' dir='ltr'><strong>possidendam</strong></span> <span class='ocrx_word' id='word_1_59' title='bbox 507 1254 585 1307; x_wconf 83' lang='lat' dir='ltr'><strong>sunt</strong></span> <span class='ocrx_word' id='word_1_60' title='bbox 601 1239 754 1309; x_wconf 79' lang='lat' dir='ltr'><strong>confessi.</strong></span> <span class='ocrx_word' id='word_1_61' title='bbox 780 1237 974 1326; x_wconf 77' lang='lat' dir='ltr'><strong>obligantes</strong></span> <span class='ocrx_word' id='word_1_62' title='bbox 990 1242 1120 1324; x_wconf 90' lang='lat' dir='ltr'><strong>insuper</strong></span> <span class='ocrx_word' id='word_1_63' title='bbox 1136 1261 1192 1322; x_wconf 88' lang='lat' dir='ltr'><strong>se,</strong></span> <span class='ocrx_word' id='word_1_64' title='bbox 1220 1249 1253 1307; x_wconf 89' lang='lat' dir='ltr'><strong>et</strong></span> 
     </span>
     <span class='ocr_line' id='line_1_10' title="bbox 125 1346 1251 1434; baseline -0.003 -18"><span class='ocrx_word' id='word_1_65' title='bbox 125 1357 332 1418; x_wconf 75' lang='lat' dir='ltr'><strong>assumentes</strong></span> <span class='ocrx_word' id='word_1_66' title='bbox 356 1347 458 1434; x_wconf 91' lang='lat' dir='ltr'><strong>ijdem</strong></span> <span class='ocrx_word' id='word_1_67' title='bbox 475 1347 614 1429; x_wconf 75' lang='lat' dir='ltr'><strong>Balnea,</strong></span> <span class='ocrx_word' id='word_1_68' title='bbox 639 1357 670 1415; x_wconf 90' lang='lat' dir='ltr'><strong>et</strong></span> <span class='ocrx_word' id='word_1_69' title='bbox 693 1346 754 1432; x_wconf 88' lang='lat' dir='ltr'><strong>filij</strong></span> <span class='ocrx_word' id='word_1_70' title='bbox 771 1348 821 1414; x_wconf 88' lang='lat' dir='ltr'><strong>sni</strong></span> <span class='ocrx_word' id='word_1_71' title='bbox 836 1349 1002 1434; x_wconf 84' lang='lat' dir='ltr'><strong>prenotati</strong></span> <span class='ocrx_word' id='word_1_72' title='bbox 1018 1367 1129 1414; x_wconf 88' lang='lat' dir='ltr'><strong>coram</strong></span> <span class='ocrx_word' id='word_1_73' title='bbox 1145 1346 1251 1431; x_wconf 91' lang='lat' dir='ltr'><strong>nobis,</strong></span> 
     </span>
     <span class='ocr_line' id='line_1_11' title="bbox 126 1453 1252 1542; baseline -0.002 -18"><span class='ocrx_word' id='word_1_74' title='bbox 126 1465 163 1524; x_wconf 91' lang='lat' dir='ltr'><strong>nt</strong></span> <span class='ocrx_word' id='word_1_75' title='bbox 179 1457 366 1542; x_wconf 88' lang='lat' dir='ltr'><strong>quicunqne</strong></span> <span class='ocrx_word' id='word_1_76' title='bbox 392 1453 526 1522; x_wconf 89' lang='lat' dir='ltr'><strong>eosdem</strong></span> <span class='ocrx_word' id='word_1_77' title='bbox 552 1453 692 1537; x_wconf 84' lang='lat' dir='ltr'><strong>Bergan</strong></span> <span class='ocrx_word' id='word_1_78' title='bbox 711 1453 892 1538; x_wconf 83' lang='lat' dir='ltr'><strong>Comitem,</strong></span> <span class='ocrx_word' id='word_1_79' title='bbox 910 1465 943 1522; x_wconf 88' lang='lat' dir='ltr'><strong>et</strong></span> <span class='ocrx_word' id='word_1_80' title='bbox 958 1453 1045 1524; x_wconf 86' lang='lat' dir='ltr'><strong>filios</strong></span> <span class='ocrx_word' id='word_1_81' title='bbox 1061 1475 1138 1524; x_wconf 89' lang='lat' dir='ltr'><strong>suos</strong></span> <span class='ocrx_word' id='word_1_82' title='bbox 1155 1456 1252 1541; x_wconf 90' lang='lat' dir='ltr'><strong>preli-</strong></span> 
     </span>
     <span class='ocr_line' id='line_1_12' title="bbox 125 1559 1254 1647; baseline -0.002 -17"><span class='ocrx_word' id='word_1_83' title='bbox 125 1565 225 1632; x_wconf 87' lang='lat' dir='ltr'><strong>batos</strong></span> <span class='ocrx_word' id='word_1_84' title='bbox 235 1613 243 1646; x_wconf 92' lang='lat'>‚</span> <span class='ocrx_word' id='word_1_85' title='bbox 261 1563 395 1630; x_wconf 86' lang='lat' dir='ltr'><strong>racione</strong></span> <span class='ocrx_word' id='word_1_86' title='bbox 421 1559 509 1627; x_wconf 90' lang='lat' dir='ltr'><strong>dicte</strong></span> <span class='ocrx_word' id='word_1_87' title='bbox 533 1565 623 1627; x_wconf 90' lang='lat' dir='ltr'><strong>terre</strong></span> <span class='ocrx_word' id='word_1_88' title='bbox 640 1559 727 1647; x_wconf 90' lang='lat' dir='ltr'><strong>impe</strong></span> <span class='ocrx_word' id='word_1_89' title='bbox 735 1561 864 1646; x_wconf 88' lang='lat' dir='ltr'><strong>dircnt,</strong></span> <span class='ocrx_word' id='word_1_90' title='bbox 883 1581 941 1630; x_wconf 88' lang='lat' dir='ltr'><strong>seu</strong></span> <span class='ocrx_word' id='word_1_91' title='bbox 959 1564 990 1629; x_wconf 94' lang='lat' dir='ltr'><strong>in</strong></span> <span class='ocrx_word' id='word_1_92' title='bbox 1006 1563 1056 1630; x_wconf 91' lang='lat' dir='ltr'><strong>ius</strong></span> <span class='ocrx_word' id='word_1_93' title='bbox 1073 1569 1254 1632; x_wconf 78' lang='lat' dir='ltr'><strong>enecarent</strong></span> 
     </span>
     <span class='ocr_line' id='line_1_13' title="bbox 125 1667 1253 1760; baseline -0.002 -20"><span class='ocrx_word' id='word_1_94' title='bbox 125 1673 268 1760; x_wconf 79' lang='lat' dir='ltr'><strong>propriJs</strong></span> <span class='ocrx_word' id='word_1_95' title='bbox 284 1667 467 1756; x_wconf 89' lang='lat' dir='ltr'><strong>sumptibus</strong></span> <span class='ocrx_word' id='word_1_96' title='bbox 478 1675 512 1737; x_wconf 90' lang='lat' dir='ltr'><strong>et</strong></span> <span class='ocrx_word' id='word_1_97' title='bbox 528 1669 698 1736; x_wconf 84' lang='lat' dir='ltr'><strong>laboribus</strong></span> <span class='ocrx_word' id='word_1_98' title='bbox 716 1670 849 1738; x_wconf 86' lang='lat' dir='ltr'><strong>eosdem</strong></span> <span class='ocrx_word' id='word_1_99' title='bbox 865 1672 1068 1758; x_wconf 85' lang='lat' dir='ltr'><strong>expedirent,</strong></span> <span class='ocrx_word' id='word_1_100' title='bbox 1085 1681 1118 1740; x_wconf 88' lang='lat' dir='ltr'><strong>et</strong></span> <span class='ocrx_word' id='word_1_101' title='bbox 1134 1671 1169 1739; x_wconf 92' lang='lat' dir='ltr'><strong>in</strong></span> <span class='ocrx_word' id='word_1_102' title='bbox 1179 1689 1253 1759; x_wconf 88' lang='lat' dir='ltr'><strong>pos·</strong></span> 
     </span>
     <span class='ocr_line' id='line_1_14' title="bbox 123 1777 1257 1866; baseline -0.005 -16"><span class='ocrx_word' id='word_1_103' title='bbox 123 1782 278 1850; x_wconf 87' lang='lat' dir='ltr'><strong>sessione</strong></span> <span class='ocrx_word' id='word_1_104' title='bbox 294 1777 434 1866; x_wconf 88' lang='lat' dir='ltr'><strong>pacifica</strong></span> <span class='ocrx_word' id='word_1_105' title='bbox 449 1783 534 1843; x_wconf 88' lang='lat' dir='ltr'><strong>terre</strong></span> <span class='ocrx_word' id='word_1_106' title='bbox 550 1783 730 1845; x_wconf 86' lang='lat' dir='ltr'><strong>memorate</strong></span> <span class='ocrx_word' id='word_1_107' title='bbox 756 1787 991 1847; x_wconf 88' lang='lat' dir='ltr'><strong>conseruarent</strong></span> <span class='ocrx_word' id='word_1_108' title='bbox 1017 1779 1193 1848; x_wconf 83' lang='lat' dir='ltr'><strong>intlefessc.</strong></span> <span class='ocrx_word' id='word_1_109' title='bbox 1211 1781 1257 1850; x_wconf 91' lang='lat' dir='ltr'><strong>Ut</strong></span> 
     </span>
     <span class='ocr_line' id='line_1_15' title="bbox 123 1883 1255 1977; baseline -0.006 -17"><span class='ocrx_word' id='word_1_110' title='bbox 123 1891 228 1977; x_wconf 76' lang='lat' dir='ltr'><strong>igitur</strong></span> <span class='ocrx_word' id='word_1_111' title='bbox 243 1889 303 1956; x_wconf 91' lang='lat' dir='ltr'><strong>hec</strong></span> <span class='ocrx_word' id='word_1_112' title='bbox 322 1883 473 1953; x_wconf 84' lang='lat' dir='ltr'><strong>vendicio</strong></span> <span class='ocrx_word' id='word_1_113' title='bbox 502 1904 611 1952; x_wconf 91' lang='lat' dir='ltr'><strong>coram</strong></span> <span class='ocrx_word' id='word_1_114' title='bbox 637 1885 733 1953; x_wconf 91' lang='lat' dir='ltr'><strong>nobis</strong></span> <span class='ocrx_word' id='word_1_115' title='bbox 753 1885 844 1953; x_wconf 83' lang='lat' dir='ltr'><strong>facta</strong></span> <span class='ocrx_word' id='word_1_116' title='bbox 859 1885 958 1955; x_wconf 91' lang='lat' dir='ltr'><strong>robur</strong></span> <span class='ocrx_word' id='word_1_117' title='bbox 975 1889 1124 1972; x_wconf 88' lang='lat' dir='ltr'><strong>optineat</strong></span> <span class='ocrx_word' id='word_1_118' title='bbox 1140 1905 1255 1972; x_wconf 91' lang='lat' dir='ltr'><strong>perpe·</strong></span> 
     </span>
     <span class='ocr_line' id='line_1_16' title="bbox 123 1995 1254 2084; baseline -0.004 -18"><span class='ocrx_word' id='word_1_119' title='bbox 123 2009 182 2066; x_wconf 90' lang='lat' dir='ltr'><strong>tue</strong></span> <span class='ocrx_word' id='word_1_120' title='bbox 195 1996 380 2080; x_wconf 83' lang='lat' dir='ltr'><strong>firmitatis,</strong></span> <span class='ocrx_word' id='word_1_121' title='bbox 405 2011 466 2060; x_wconf 90' lang='lat' dir='ltr'><strong>neo</strong></span> <span class='ocrx_word' id='word_1_122' title='bbox 490 2013 549 2080; x_wconf 91' lang='lat' dir='ltr'><strong>per</strong></span> <span class='ocrx_word' id='word_1_123' title='bbox 574 1995 756 2080; x_wconf 86' lang='lat' dir='ltr'><strong>qnempiam</strong></span> <span class='ocrx_word' id='word_1_124' title='bbox 783 2001 889 2063; x_wconf 88' lang='lat' dir='ltr'><strong>tractu</strong></span> <span class='ocrx_word' id='word_1_125' title='bbox 905 1997 1062 2081; x_wconf 87' lang='lat' dir='ltr'><strong>temporis</strong></span> <span class='ocrx_word' id='word_1_126' title='bbox 1079 1997 1184 2084; x_wconf 87' lang='lat' dir='ltr'><strong>possit</strong></span> <span class='ocrx_word' id='word_1_127' title='bbox 1200 1997 1254 2064; x_wconf 89' lang='lat' dir='ltr'><strong>uel</strong></span> 
     </span>
    </p>
   </div>
   <div class='ocr_carea' id='block_1_2' title="bbox 121 2103 1255 2628">
    <p class='ocr_par' dir='ltr' id='par_1_2' title="bbox 121 2103 1255 2628">
     <span class='ocr_line' id='line_1_17' title="bbox 122 2103 1254 2190; baseline -0.004 -16"><span class='ocrx_word' id='word_1_128' title='bbox 122 2106 248 2174; x_wconf 85' lang='lat' dir='ltr'><strong>debeat</strong></span> <span class='ocrx_word' id='word_1_129' title='bbox 273 2104 455 2187; x_wconf 86' lang='lat' dir='ltr'><strong>immutari,</strong></span> <span class='ocrx_word' id='word_1_130' title='bbox 481 2103 526 2170; x_wconf 88' lang='lat' dir='ltr'><strong>ad</strong></span> <span class='ocrx_word' id='word_1_131' title='bbox 542 2103 741 2170; x_wconf 74' lang='lat' dir='ltr'><strong>instanciam</strong></span> <span class='ocrx_word' id='word_1_132' title='bbox 758 2111 790 2170; x_wconf 88' lang='lat' dir='ltr'><strong>ot</strong></span> <span class='ocrx_word' id='word_1_133' title='bbox 806 2103 1002 2188; x_wconf 85' lang='lat' dir='ltr'><strong>peticionem</strong></span> <span class='ocrx_word' id='word_1_134' title='bbox 1027 2104 1196 2190; x_wconf 88' lang='lat' dir='ltr'><strong>parcium,</strong></span> <span class='ocrx_word' id='word_1_135' title='bbox 1220 2103 1254 2169; x_wconf 92' lang='lat' dir='ltr'><strong>in</strong></span> 
     </span>
     <span class='ocr_line' id='line_1_18' title="bbox 122 2209 1254 2298; baseline -0.003 -15"><span class='ocrx_word' id='word_1_136' title='bbox 122 2213 349 2283; x_wconf 88' lang='lat' dir='ltr'><strong>testimonium</strong></span> <span class='ocrx_word' id='word_1_137' title='bbox 373 2213 421 2278; x_wconf 88' lang='lat' dir='ltr'><strong>rei</strong></span> <span class='ocrx_word' id='word_1_138' title='bbox 437 2217 550 2296; x_wconf 76' lang='lat' dir='ltr'><strong>geste,</strong></span> <span class='ocrx_word' id='word_1_139' title='bbox 577 2209 706 2278; x_wconf 87' lang='lat' dir='ltr'><strong>litteras</strong></span> <span class='ocrx_word' id='word_1_140' title='bbox 721 2217 852 2278; x_wconf 88' lang='lat' dir='ltr'><strong>nostras</strong></span> <span class='ocrx_word' id='word_1_141' title='bbox 868 2219 1041 2298; x_wconf 86' lang='lat' dir='ltr'><strong>presentes</strong></span> <span class='ocrx_word' id='word_1_142' title='bbox 1059 2213 1254 2282; x_wconf 87' lang='lat' dir='ltr'><strong>contulimus</strong></span> 
     </span>
     <span class='ocr_line' id='line_1_19' title="bbox 123 2317 1255 2408; baseline -0.002 -18"><span class='ocrx_word' id='word_1_143' title='bbox 123 2323 230 2408; x_wconf 81' lang='lat' dir='ltr'><strong>sigilli</strong></span> <span class='ocrx_word' id='word_1_144' title='bbox 244 2321 349 2390; x_wconf 88' lang='lat' dir='ltr'><strong>nostri</strong></span> <span class='ocrx_word' id='word_1_145' title='bbox 364 2317 541 2387; x_wconf 90' lang='lat' dir='ltr'><strong>munimine</strong></span> <span class='ocrx_word' id='word_1_146' title='bbox 557 2317 749 2398; x_wconf 86' lang='lat' dir='ltr'><strong>roboratas,</strong></span> <span class='ocrx_word' id='word_1_147' title='bbox 778 2320 841 2388; x_wconf 90' lang='lat' dir='ltr'><strong>snb</strong></span> <span class='ocrx_word' id='word_1_148' title='bbox 868 2318 1011 2405; x_wconf 89' lang='lat' dir='ltr'><strong>hijsdem</strong></span> <span class='ocrx_word' id='word_1_149' title='bbox 1035 2326 1142 2388; x_wconf 83' lang='lat' dir='ltr'><strong>tamen</strong></span> <span class='ocrx_word' id='word_1_150' title='bbox 1159 2322 1255 2388; x_wconf 84' lang='lat' dir='ltr'><strong>netis</strong></span> 
     </span>
     <span class='ocr_line' id='line_1_20' title="bbox 122 2427 1253 2515; baseline -0.004 -17"><span class='ocrx_word' id='word_1_151' title='bbox 122 2439 160 2498; x_wconf 90' lang='lat' dir='ltr'><strong>et</strong></span> <span class='ocrx_word' id='word_1_152' title='bbox 186 2432 334 2499; x_wconf 87' lang='lat' dir='ltr'><strong>terminis</strong></span> <span class='ocrx_word' id='word_1_153' title='bbox 358 2429 477 2512; x_wconf 88' lang='lat' dir='ltr'><strong>quibus</strong></span> <span class='ocrx_word' id='word_1_154' title='bbox 505 2428 581 2514; x_wconf 90' lang='lat' dir='ltr'><strong>ipsa</strong></span> <span class='ocrx_word' id='word_1_155' title='bbox 606 2433 695 2496; x_wconf 90' lang='lat' dir='ltr'><strong>terra</strong></span> <span class='ocrx_word' id='word_1_156' title='bbox 719 2429 763 2494; x_wconf 90' lang='lat' dir='ltr'><strong>ab</strong></span> <span class='ocrx_word' id='word_1_157' title='bbox 790 2427 926 2512; x_wconf 87' lang='lat' dir='ltr'><strong>antiquo</strong></span> <span class='ocrx_word' id='word_1_158' title='bbox 951 2446 1010 2515; x_wconf 89' lang='lat' dir='ltr'><strong>per</strong></span> <span class='ocrx_word' id='word_1_159' title='bbox 1035 2427 1159 2514; x_wconf 89' lang='lat' dir='ltr'><strong>priores</strong></span> <span class='ocrx_word' id='word_1_160' title='bbox 1176 2447 1253 2496; x_wconf 88' lang='lat' dir='ltr'><strong>suos</strong></span> 
     </span>
     <span class='ocr_line' id='line_1_21' title="bbox 121 2535 1254 2628; baseline -0.005 -21"><span class='ocrx_word' id='word_1_161' title='bbox 121 2556 338 2628; x_wconf 89' lang='lat' dir='ltr'><strong>possessores</strong></span> <span class='ocrx_word' id='word_1_162' title='bbox 355 2535 479 2604; x_wconf 86' lang='lat' dir='ltr'><strong>exstitit</strong></span> <span class='ocrx_word' id='word_1_163' title='bbox 494 2535 636 2603; x_wconf 83' lang='lat' dir='ltr'><strong>limitata</strong></span> <span class='ocrx_word' id='word_1_164' title='bbox 652 2545 686 2602; x_wconf 89' lang='lat' dir='ltr'><strong>et</strong></span> <span class='ocrx_word' id='word_1_165' title='bbox 702 2555 870 2623; x_wconf 88' lang='lat' dir='ltr'><strong>possessa.</strong></span> <span class='ocrx_word' id='word_1_166' title='bbox 887 2535 1009 2602; x_wconf 86' lang='lat' dir='ltr'><strong>Datum</strong></span> <span class='ocrx_word' id='word_1_167' title='bbox 1026 2537 1185 2620; x_wconf 85' lang='lat' dir='ltr'><strong>magistro</strong></span> <span class='ocrx_word' id='word_1_168' title='bbox 1196 2537 1254 2604; x_wconf 89' lang='lat' dir='ltr'><strong>lli·</strong></span> 
     </span>
    </p>
   </div>
   <div class='ocr_carea' id='block_1_3' title="bbox 122 2642 1255 2842">
    <p class='ocr_par' dir='ltr' id='par_1_3' title="bbox 122 2642 1255 2842">
     <span class='ocr_line' id='line_1_22' title="bbox 122 2642 1255 2731; baseline -0.003 -18"><span class='ocrx_word' id='word_1_169' title='bbox 122 2647 219 2715; x_wconf 86' lang='lat' dir='ltr'><strong>caele</strong></span> <span class='ocrx_word' id='word_1_170' title='bbox 235 2647 406 2731; x_wconf 82' lang='lat' dir='ltr'><strong>Pueposito</strong></span> <span class='ocrx_word' id='word_1_171' title='bbox 422 2643 572 2712; x_wconf 78' lang='lat' dir='ltr'><strong>Ecclesie</strong></span> <span class='ocrx_word' id='word_1_172' title='bbox 588 2650 711 2730; x_wconf 87' lang='lat' dir='ltr'><strong>nostre,</strong></span> <span class='ocrx_word' id='word_1_173' title='bbox 729 2644 889 2730; x_wconf 77' lang='lat' dir='ltr'><strong>Gregorio</strong></span> <span class='ocrx_word' id='word_1_174' title='bbox 906 2642 1057 2725; x_wconf 76' lang='lat' dir='ltr'><strong>cantore,</strong></span> <span class='ocrx_word' id='word_1_175' title='bbox 1075 2643 1178 2710; x_wconf 91' lang='lat' dir='ltr'><strong>Panlo</strong></span> <span class='ocrx_word' id='word_1_176' title='bbox 1194 2644 1255 2711; x_wconf 81' lang='lat' dir='ltr'><strong>(lu-</strong></span> 
     </span>
     <span class='ocr_line' id='line_1_23' title="bbox 122 2749 1255 2842; baseline -0.003 -20"><span class='ocrx_word' id='word_1_177' title='bbox 122 2755 235 2842; x_wconf 83' lang='lat' dir='ltr'><strong>stede,</strong></span> <span class='ocrx_word' id='word_1_178' title='bbox 250 2754 404 2823; x_wconf 87' lang='lat' dir='ltr'><strong>Johannc</strong></span> <span class='ocrx_word' id='word_1_179' title='bbox 419 2751 557 2820; x_wconf 87' lang='lat' dir='ltr'><strong>Decano</strong></span> <span class='ocrx_word' id='word_1_180' title='bbox 574 2750 727 2819; x_wconf 86' lang='lat' dir='ltr'><strong>testibus.</strong></span> <span class='ocrx_word' id='word_1_181' title='bbox 745 2753 841 2818; x_wconf 83' lang='lat' dir='ltr'><strong>Anno</strong></span> <span class='ocrx_word' id='word_1_182' title='bbox 858 2749 993 2818; x_wconf 92' lang='lat' dir='ltr'><strong>Domini</strong></span> <span class='ocrx_word' id='word_1_183' title='bbox 1009 2751 1107 2820; x_wconf 81' lang='lat' dir='ltr'><strong>MOO.</strong></span> <span class='ocrx_word' id='word_1_184' title='bbox 1126 2759 1255 2832; x_wconf 84' lang='lat' dir='ltr'><strong>octoge</strong></span> 
     </span>
    </p>
   </div>
   <div class='ocr_carea' id='block_1_4' title="bbox 121 2863 378 2952">
    <p class='ocr_par' dir='ltr' id='par_1_4' title="bbox 121 2863 378 2952">
     <span class='ocr_line' id='line_1_24' title="bbox 121 2863 378 2952; baseline 0.004 -21"><span class='ocrx_word' id='word_1_185' title='bbox 121 2865 210 2932; x_wconf 90' lang='lat' dir='ltr'><strong>simo</strong></span> <span class='ocrx_word' id='word_1_186' title='bbox 226 2863 378 2952; x_wconf 88' lang='lat' dir='ltr'><strong>septimo.</strong></span> 
     </span>
    </p>
   </div>
   <div class='ocr_carea' id='block_1_5' title="bbox 120 3051 1252 3130">
    <p class='ocr_par' dir='ltr' id='par_1_5' title="bbox 120 3051 1252 3130">
     <span class='ocr_line' id='line_1_25' title="bbox 120 3051 1252 3130; baseline -0.007 -16"><span class='ocrx_word' id='word_1_187' title='bbox 120 3057 264 3130; x_wconf 63' lang='lat' dir='ltr'><strong>(leutsch</strong></span> <span class='ocrx_word' id='word_1_188' title='bbox 278 3056 310 3114; x_wconf 78' lang='lat' dir='ltr'><strong>rls</strong></span> <span class='ocrx_word' id='word_1_189' title='bbox 322 3055 494 3126; x_wconf 74' lang='lat' dir='ltr'><strong>Fir-uhaber,</strong></span> <span class='ocrx_word' id='word_1_190' title='bbox 509 3053 699 3112; x_wconf 86' lang='lat' dir='ltr'><strong>Urknndsnb.</strong></span> <span class='ocrx_word' id='word_1_191' title='bbox 721 3071 747 3111; x_wconf 83' lang='lat' dir='ltr'><strong>a.</strong></span> <span class='ocrx_word' id='word_1_192' title='bbox 761 3052 869 3111; x_wconf 80' lang='lat' dir='ltr'><strong>Gesch.</strong></span> <span class='ocrx_word' id='word_1_193' title='bbox 883 3051 1019 3109; x_wconf 82' lang='lat' dir='ltr'><strong>Sicbenb.</strong></span> <span class='ocrx_word' id='word_1_194' title='bbox 1034 3053 1055 3108; x_wconf 93' lang='lat' dir='ltr'><strong>l.</strong></span> <span class='ocrx_word' id='word_1_195' title='bbox 1068 3054 1128 3110; x_wconf 86' lang='lat' dir='ltr'><strong>ko&#39;t.</strong></span> <span class='ocrx_word' id='word_1_196' title='bbox 1144 3053 1204 3108; x_wconf 80' lang='lat'>141.</span> <span class='ocrx_word' id='word_1_197' title='bbox 1218 3052 1252 3127; x_wconf 94' lang='lat' dir='ltr'><strong>l.)</strong></span> 
     </span>
    </p>
   </div>
   <div class='ocr_carea' id='block_1_6' title="bbox 739 3379 823 3388">
    <p class='ocr_par' dir='ltr' id='par_1_6' title="bbox 739 3379 823 3388">
     <span class='ocr_line' id='line_1_26' title="bbox 739 3379 823 3388; baseline 0.012 -2"><span class='ocrx_word' id='word_1_198' title='bbox 739 3379 823 3388; x_wconf 75' lang='lat'>....-—</span> 
     </span>
    </p>
   </div>
   <div class='ocr_carea' id='block_1_7' title="bbox 0 0 1576 5170">
    <p class='ocr_par' dir='ltr' id='par_1_7' title="bbox 0 0 1576 5170">
     <span class='ocr_line' id='line_1_27' title="bbox 0 0 1576 5170; baseline 0 4"><span class='ocrx_word' id='word_1_199' title='bbox 0 0 1576 5170; x_wconf 95' lang='lat' dir='ltr'><strong> </strong></span> 
     </span>
    </p>
   </div>
  </div>
 </body>
</html>
