3154 5166
109 1197 227 1262 Tamde
242 1193 367 1280 tibaoyi
384 1195 461 1279 apdt
490 1189 611 1256 Urknta
637 1191 717 1254 aonii
725 1186 835 1274 solete
850 1187 1059 1254 ssdtdmivela
1074 1193 1171 1276 otpolt
1186 1194 1233 1256 dt·

110 1304 377 1394 enpedibiaooyos
387 1299 548 1386 feltdtelelt
567 1297 648 1366 alate
668 1297 737 1366 tb'db
756 1299 938 1385 anteponi
956 1297 1118 1364 lnkoeaalt.
1137 1301 1234 1368 1289.

214 1505 284 1571 Nos
302 1503 404 1568 irater
429 1497 572 1566 'Ibomas
595 1496 814 1566 miseracione
831 1494 953 1562 Dinina
969 1494 1083 1564 Abbas
1099 1497 1230 1564 Tiboul-

107 1612 198 1680 ensIs
215 1611 369 1680 memorie
397 1607 662 1678 commendamus
688 1604 914 1689 signifioantes
939 1605 1121 1690 uniuersis,
1147 1605 1233 1690 quod

107 1729 216 1788 terras
240 1727 370 1786 nostras
396 1718 430 1784 in
456 1715 621 1802 Strigouio
648 1714 826 1781 existentes
853 1712 980 1778 Vrknta
1004 1721 1152 1798 renatas,
1170 1735 1227 1801 pro

105 1827 212 1895 vineis
240 1831 348 1911 aptos,
367 1822 517 1891 dedimus
544 1829 577 1888 et
602 1821 797 1890 eontulimus
815 1819 942 1907 populis
961 1819 1004 1886 de
1021 1820 1138 1888 eadem
1152 1823 1230 1890 eini-

106 1945 176 2003 tate
204 1937 265 2002 sub
291 1936 350 2001 tali
376 1931 569 2000 eondioione
596 1937 629 1996 et
645 1931 805 1997 libertate.
831 1930 940 1997 Primo
956 1939 989 1998 et
1004 1932 1232 2018 principaliter

107 2045 265 2130 magistro
293 2042 449 2128 (lbepauo
465 2038 631 2108 Oanouieo
657 2039 804 2108 Ileelesie
821 2037 1058 2124 StrigonIensis
1074 2061 1171 2108 vnam
1189 2041 1233 2106 vi-

107 2172 206 2221 neam
222 2151 397 2240 propriam,
411 2155 540 2217 tenetur
556 2149 651 2216 noble
667 2147 795 2215 soluere
811 2148 979 2214 annuatim
996 2149 1233 2233 qninquaginta

106 2257 258 2329 denarios
278 2256 777 2348 vyennenses.1nsuperjnxta
803 2255 942 2324 eandem
969 2257 1100 2324 vineam
1116 2257 1233 2344 viginti

107 2367 187 2436 duos
205 2368 373 2454 amplexer
390 2373 475 2434 terre
494 2385 565 2432 eum
583 2366 737 2449 amplexu
757 2363 880 2448 Regio,
907 2364 949 2431 de
974 2365 1090 2449 quibus
1107 2367 1232 2432 unllum

107 2483 239 2562 paetum
265 2475 434 2542 nobiseum
462 2472 548 2540 feeit.
582 2473 709 2540 Ibidem
730 2471 826 2557 justa
852 2469 990 2539 eandem
1023 2476 1108 2539 viam
1134 2474 1232 2542 niuea

107 2582 283 2653 Adalberti
307 2583 353 2649 fili
379 2582 468 2649 Miluo
495 2582 557 2649 boo
583 2602 668 2649 anno
684 2569 848 2667 plautatap
866 2581 907 2648 de
924 2600 989 2664 qua
1005 2583 1048 2649 ab
1064 2583 1127 2649 isto
1144 2603 1231 2654 auno

105 2690 298 2776 incipiendo
324 2709 409 2758 auno
435 2687 547 2774 quinto
565 2691 801 2773 quinquaginta
817 2689 968 2757 denarios
985 2691 1154 2758 aunuatim
1170 2693 1232 2762 sol·

106 2821 185 2870 nere
211 2801 383 2870 tenebitur.
408 2800 509 2867 Juxta
535 2798 663 2867 vineam
691 2799 796 2868 eoiam
820 2798 967 2866 eiusdem
983 2799 1133 2885 magistri
1150 2799 1230 2870 (the-

105 2911 187 2996 pani
204 2907 363 2977 antedicti
380 2929 401 2974 a
418 2915 511 2995 parte
536 2907 744 2976 meridionali
762 2905 860 2976 vinea
877 2906 1026 2976 Ladinlai
1041 2907 1126 2976 labri
1136 2960 1146 2994 ,
1172 2931 1230 2995 pro

107 3040 174 3104 qua
200 3039 287 3085 anuo
313 3017 454 3086 seeundo
481 3018 719 3100 quinquaginta
737 3016 891 3086 denarios
909 3019 1038 3087 soluere
1056 3021 1229 3088 tenebitur.

105 3127 249 3214 Aperte
265 3125 411 3194 eiusdem
427 3126 522 3193 vinee
549 3125 701 3194 orientali
722 3125 821 3192 vinea
845 3126 935 3192 Petri
958 3125 1005 3193 fili
1029 3128 1123 3194 Maris
1135 3177 1144 3212 ,
1170 3149 1231 3217 pro

108 3255 176 3318 qua
192 3233 362 3303 annuatim
380 3233 422 3300 ab
439 3252 526 3302 auno
546 3233 690 3302 seeundo
717 3233 952 3319 quinquaginta
968 3236 1132 3304 denarios.
1149 3239 1231 3305 Item

108 3345 198 3411 cirea
224 3345 363 3414 eandem
388 3344 520 3412 niueam
546 3344 643 3410 vinen
668 3343 757 3409 Petri
783 3340 841 3428 filij
859 3342 1019 3430 Lybereb,
1039 3344 1080 3413 de
1097 3364 1161 3429 qua
1177 3369 1231 3414 an·

104 3451 234 3518 unatim
259 3452 301 3517 ab
329 3471 414 3520 anuo
442 3449 585 3518 seeundo
611 3448 799 3537 incipiendo
829 3450 1050 3534 quadraginta
1065 3451 1230 3523 denarios.

103 3559 190 3629 Item
216 3557 337 3626 ibidem
364 3558 461 3626 vinea
477 3557 658 3644 Myobaelis
685 3559 830 3642 sartoris,
847 3579 906 3644 pro
924 3579 988 3642 qua
1004 3564 1047 3629 ab
1063 3563 1127 3630 isto
1144 3583 1230 3628 anno

104 3667 294 3753 incipiendo
305 3670 474 3736 aunuatim
486 3665 723 3752 qninquaginta
734 3666 898 3736 denarios.
910 3669 991 3737 item
1007 3669 1131 3738 ibidem
1143 3670 1229 3738 blar-

104 3797 163 3846 ous
181 3777 290 3863 Ympa
299 3828 309 3863 ‚
336 3798 395 3863 pre
422 3797 487 3861 qua
514 3799 535 3844 a
560 3780 662 3844 toreio
679 3796 766 3844 anuo
783 3777 937 3846 inooboto
955 3780 1122 3846 annuatim
1139 3780 1229 3863 quiu-

105 3886 268 3972 quaginta
285 3886 449 3955 denarios.
460 3887 543 3952 item
561 3888 659 3953 vinea
670 3885 788 3953 Jaeobi
806 3884 903 3966 Luaz,
923 3908 981 3972 pro
998 3908 1063 3970 qua
1079 3906 1100 3951 a
1116 3889 1229 3971 quinto

104 4014 193 4063 auno
210 3994 396 4083 incipiendo
413 3997 580 4067 annuatim
597 3995 838 4079 quinquaginta
854 3994 1017 4063 denarios.
1033 3997 1115 4064 ltem
1131 3997 1231 4066 vinea

105 4103 242 4172 Peohlse
266 4101 325 4172 filii
342 4103 514 4192 symonis,
542 4126 600 4190 pro
627 4087 737 4186 qua'a
762 4110 878 4186 quarto
899 4123 986 4173 anuo
1002 4103 1156 4173 incohato
1173 4126 1230 4172 au-

107 4215 233 4282 nuatim
258 4213 495 4299 quinquaginta
521 4215 685 4282 denarios.
712 4214 793 4280 Item
810 4213 981 4283 Iohannes
998 4215 1082 4284 filius
1099 4215 1229 4284 Gbeeeh

106 4329 260 4405 aquarto
285 4343 374 4390 anuo
399 4321 587 4408 incipiendo
614 4323 783 4390 annuatim
811 4323 1048 4410 quinquaginta
1064 4323 1228 4393 denarios.

106 4431 188 4498 Item
208 4431 330 4497 Paulus
355 4430 442 4498 filins
458 4432 567 4500 Pousa
584 4431 626 4496 ab
653 4451 739 4498 anuo
760 4432 903 4501 seeundo
919 4435 1157 4517 qninquaginta
1174 4431 1228 4501 de-

106 4539 326 4634 narioseltem
343 4541 465 4608 Paulus
481 4539 567 4609 lilius
579 4539 763 4628 Myebaelis
782 4540 823 4608 de
840 4541 949 4610 media
965 4542 1062 4609 vinea
1078 4561 1099 4607 a
1115 4541 1228 4627 quinto

103 4665 190 4714 nuno
207 4647 375 4714 annuatim
392 4649 511 4732 viginti
528 4649 669 4733 qulnque
686 4647 852 4719 denarios.
872 4651 952 4717 item
971 4651 1124 4718 bleranus
1141 4648 1225 4718 filine
