3142 5170
123 523 237 570 amare
253 505 477 588 percepimus,
504 503 577 588 ipae
600 505 672 570 Rex
696 501 836 568 desertis
862 501 1104 587 progenitorum
1121 522 1249 571 suorum

123 607 286 694 vestigiis,
303 609 433 678 fellibili
450 608 631 677 collusione
646 609 872 694 degenerans,
891 609 967 676 licet
982 609 1147 680 interdum
1163 611 1249 680 eius-

126 717 202 784 dem
217 719 335 783 matris
360 715 643 786 exhortationibus
668 717 879 799 acquiescere
895 735 950 782 ore
966 717 1187 802 protenderet,
1202 723 1250 784 ta-

122 845 198 892 men
226 826 261 891 in
286 826 412 892 ruinam
439 831 558 909 sponte
583 826 736 912 prosilire
751 825 944 908 dinoscitur,
961 826 1038 892 dnm
1054 826 1160 893 Deum
1177 844 1249 891 oon·

128 941 300 1016 tempnere
326 951 390 998 non
414 941 562 1017 veretur,
591 935 646 1001 rel
661 933 805 1002 revereri
831 933 1049 1016 contempnit,
1066 940 1099 998 et
1115 931 1200 1001 alias
1216 932 1249 998 in

127 1038 337 1124 precipitium
364 1057 400 1105 se
425 1041 589 1125 devolvit,
630 1042 882 1110 destructionem
909 1040 996 1106 fame
1021 1039 1154 1126 proprie
1188 1059 1251 1105 non

122 1167 328 1233 aspernans,
346 1149 435 1214 culus
451 1149 640 1217 notabiliter
655 1149 829 1234 prodigus,
847 1149 971 1234 positus
988 1157 1039 1214 est
1054 1147 1088 1212 in
1103 1149 1250 1214 notabile

122 1255 347 1339 spectaculum
374 1256 528 1338 gentibus
541 1306 550 1341 ,
576 1263 612 1322 ut
638 1265 796 1340 tanquam
823 1254 1018 1323 criminosus
1044 1259 1251 1321 mercatura

122 1363 263 1448 singulis
279 1364 450 1448 denotari;
477 1383 537 1448 pro
554 1383 594 1431 eo
611 1366 764 1448 maximo,
780 1361 868 1447 quod
883 1362 1042 1444 religione
1060 1362 1251 1430 Christiana

123 1469 322 1557 postposita,
338 1473 391 1538 rel
409 1471 517 1556 potius
534 1472 677 1556 abiecta,
692 1471 727 1537 in
744 1478 963 1557 contemptum
981 1469 1093 1537 Dirini
1110 1471 1250 1539 nominis

123 1595 161 1642 se
181 1596 253 1643 cnm
269 1575 430 1660 Tartaris,
446 1580 664 1665 Sarracenis,
689 1581 863 1664 Nengeriis
889 1585 921 1646 et
944 1581 1092 1662 Paganis
1118 1599 1250 1646 conver-

122 1684 255 1752 satione
273 1685 454 1772 dampnata
471 1685 687 1756 confederare
704 1708 740 1754 se
758 1687 876 1754 dieitur
886 1737 895 1770 ,
912 1687 1103 1772 specialiter
1119 1687 1250 1754 vivendi

123 1813 199 1860 eum
215 1792 340 1860 eisdem
356 1793 530 1880 Nengeriis
556 1815 670 1862 norma
686 1803 835 1880 sumpta,
864 1806 896 1860 et
922 1795 1063 1880 abiecta,
1079 1797 1177 1861 immo
1193 1813 1249 1879 po-

122 1901 188 1967 tius
205 1902 329 1968 carceri
345 1901 465 1968 tradita
482 1901 667 1970 immaniter
695 1922 797 1969 uxore
814 1903 959 1987 propria,
975 1901 1131 1970 videlicet
1149 1902 1248 1968 caris·

122 2008 209 2074 sima
224 2007 258 2075 in
275 2009 405 2078 Christo
422 2009 489 2076 filia
506 2019 620 2077 nostra
637 2009 676 2076 If.
694 2010 819 2093 Regino
837 2007 982 2093 Ungarie
1000 2009 1135 2093 Illustri,
1152 2008 1250 2075 dese-

122 2115 217 2180 viens
234 2117 269 2182 in
285 2117 444 2200 seipsum
461 2123 494 2182 et
509 2117 648 2199 Regiam
667 2116 800 2183 domum
816 2113 981 2200 Ungarie,
1001 2136 1064 2199 qne
1080 2113 1251 2182 consueuit

103 2223 223 2287 ¹claris
248 2224 448 2306 germinibus
473 2223 673 2310 fecundare,
700 2227 733 2292 in
759 2224 863 2308 ipsius
890 2223 1005 2290 domus
1022 2224 1249 2290 exterminium

121 2329 253 2396 thorum
279 2329 394 2397 fedare
420 2350 484 2396 non
511 2331 627 2396 metuit
653 2329 870 2414 coniugalem,
895 2331 1019 2413 sieque,
1036 2331 1064 2397 si
1080 2331 1250 2416 premissis

121 2439 245 2504 ueritas
270 2437 488 2520 suffragatur,
517 2435 608 2522 degit
632 2437 756 2503 Divina
773 2445 806 2502 et
821 2437 968 2506 humana
984 2441 1057 2522 lege
1075 2437 1167 2505 vetiti
1184 2437 1248 2502 cri-

119 2545 220 2613 minis
245 2545 322 2612 labe
347 2545 493 2631 pollutus
518 2545 551 2611 in
578 2543 773 2611 scandalum
798 2545 974 2629 hominnm,
1002 2553 1035 2612 et
1050 2546 1200 2614 redditur
1215 2547 1249 2612 in

120 2662 302 2741 conspectu
329 2653 463 2738 superni
487 2653 626 2719 nominis
654 2653 797 2721 odiosus.
825 2652 921 2721 Vnde
948 2675 1018 2721 cnm
1045 2675 1086 2722 ex
1103 2655 1249 2723 iniuncto

120 2763 283 2851 pastorali
310 2762 403 2828 nobis
430 2761 539 2830 officio
575 2761 755 2828 animarum
784 2782 896 2829 curam
922 2781 1038 2844 gerere
1068 2769 1247 2847 teneamur,

120 2874 278 2940 dolentes
303 2877 336 2937 et
351 2873 487 2947 merito,
513 2871 541 2935 si
565 2871 666 2935 talem
692 2871 733 2937 de
760 2871 910 2957 predicto
927 2873 1017 2955 Rege
1034 2870 1173 2938 reddere
1189 2890 1248 2940 nos

119 2983 296 3066 contingat
312 2982 345 3046 in
362 2980 514 3046 examine
531 2979 665 3064 superni
677 2977 794 3063 judicii
810 2979 992 3064 rationem,
1017 2986 1050 3046 et
1078 2981 1249 3064 cupientes

123 3097 161 3157 ut
186 3090 305 3158 salutis
330 3091 435 3156 vitato
463 3089 664 3174 dispendio,
691 3089 867 3154 electorum
892 3089 1069 3173 aggregari
1086 3089 1248 3154 consortio

119 3203 306 3282 mercatur;
334 3197 531 3264 fraternitati
557 3205 622 3279 tue,
648 3200 688 3265 de
714 3198 806 3262 ouius
832 3195 1124 3283 circumspectione
1141 3215 1180 3260 ao
1197 3215 1249 3261 ex-

118 3307 271 3374 aminata
296 3306 459 3391 probitate
485 3304 697 3390 confidimns,
724 3305 923 3392 iniungimus
946 3359 953 3390 ‚
971 3314 1005 3371 ut
1022 3305 1057 3372 iu
1074 3304 1139 3372 hac
1155 3315 1249 3390 parte

120 3418 222 3484 datas
248 3415 308 3480 tibi
334 3435 354 3481 a
382 3414 522 3480 Domino
547 3415 686 3482 virtutes
703 3434 871 3498 exercens,
890 3413 1073 3501 predictum
1089 3415 1250 3496 Regema

119 3525 171 3591 sio
187 3523 374 3609 nephandis
391 3521 555 3589 erroribus
582 3523 749 3603 retrahas,
778 3531 809 3588 et
825 3521 869 3589 ad
884 3525 971 3588 viam
990 3523 1168 3590 salutarem
1185 3525 1249 3588 stu·

119 3633 219 3701 diosa
236 3631 428 3718 operatione
445 3631 597 3698 reduces.
625 3631 786 3711 Quocirca
803 3631 1002 3699 fraternitati
1018 3637 1072 3696 tue
1088 3649 1147 3717 per
1167 3633 1249 3713 Apo·

119 3745 244 3810 stolica
269 3741 392 3825 scripta
418 3740 636 3824 mandamus,
653 3747 817 3823 qnatenus
834 3741 861 3806 si
878 3739 957 3806 dicti
972 3739 1117 3822 Tartari,
1134 3739 1248 3807 Sarra-

118 3849 208 3934 oeni,
224 3847 383 3934 Neogerii
400 3854 434 3914 et
448 3849 576 3931 Pagani
592 3847 788 3933 dampnatos
806 3869 882 3917 snos
900 3855 1037 3916 conatur
1054 3853 1171 3916 eontra
1188 3847 1249 3914 (la-

119 3958 246 4026 tbollce
262 3956 348 4036 ‚fidei
374 3955 576 4040 professores
602 3961 784 4025 exercitare
809 3959 991 4038 voluerint,
1029 3975 1070 4022 ne
1097 3955 1247 4040 ipsorum

118 4069 308 4134 invalescat
323 4065 494 4132 temeritas
519 4065 552 4132 in
569 4067 779 4151 dispendium
796 4067 873 4136 fidei
899 4065 1089 4134 Christiane
1099 4115 1108 4150 ,
1136 4072 1252 4131 contra

119 4175 289 4264 predictos
304 4173 472 4257 Tartarea,
484 4174 694 4260 Sarracenos,
705 4175 887 4259 Neogerios
898 4181 932 4240 et
942 4175 1095 4260 Paganos
1111 4191 1152 4238 ac
1167 4174 1250 4239 alios

119 4285 324 4352 adherentes
341 4282 476 4366 eisdem,
488 4283 542 4348 vel
558 4301 615 4348 eos
631 4283 664 4348 in
681 4281 747 4350 biis
765 4282 1008 4366 quomodolibet
1025 4279 1248 4364 confoventes,

119 4393 342 4475 cuiuscunque
366 4396 473 4457 status
499 4395 557 4456 aut
574 4389 774 4458 condicionis
792 4388 969 4473 extiterint,
986 4388 1137 4454 omnibus
1155 4385 1248 4456 (thri-

119 4501 164 4568 sti
178 4499 334 4568 fidelibus
350 4519 410 4585 per
426 4499 574 4584 Regnum
588 4496 744 4583 Ungarie,
762 4516 803 4566 ae
818 4517 877 4584 per
893 4497 981 4564 alias
998 4495 1246 4580 circumpositas

117 4609 304 4697 provintias
330 4625 390 4692 per
414 4613 468 4692 te,
494 4609 548 4672 uel
565 4607 664 4673 alium
682 4625 741 4672 seu
759 4607 844 4674 alios
859 4605 999 4673 studeas
1017 4605 1157 4671 sollicite
1173 4620 1245 4688 pro-
