3142 5164
833 281 993 382 *rcc—

350 473 446 542 Undc
462 493 529 544 nou
544 471 680 562 indig'ne
697 475 739 545 dc
755 475 858 562 Regis
875 478 1056 564 Regnique
1071 479 1171 546 vestri
1188 481 1306 564 salute,
1317 498 1408 548 more
1422 499 1481 565 pa.

350 583 411 648 tris
437 583 589 668 solliciti,
605 585 809 672 cogitantes,
836 587 879 654 ab
895 587 972 654 olim
990 586 1167 655 intellectis
1183 589 1402 657 tumultuosis
1417 609 1481 655 mc·

350 689 436 756 tibus
462 689 542 758 dicti
565 691 671 777 Regni
698 700 731 759 ct
755 693 923 761 seditiosis
948 695 1144 762 tumultibus
1172 695 1372 764 incollarnm
1392 697 1480 765 illius

351 907 419 973 tuis
436 907 672 992 congressibus
689 909 930 978 collidebantur
946 913 1140 996 immaniter,
1158 932 1222 996 quc
1239 912 1382 996 quidem,
1393 913 1477 981 dono

349 1015 440 1102 pacis
454 1015 639 1101 postposito
655 1018 781 1104 Regale
798 1019 917 1086 solium
937 1021 1084 1104 graviter
1095 1021 1330 1106 deprimebant
1346 1021 1477 1106 eiusque
1552 1061 1553 1090 r

352 1123 509 1210 depresso
524 1127 682 1211 regimine
699 1147 764 1196 uou
782 1128 888 1195 solum
903 1129 936 1196 in
953 1131 1067 1216 Regno
1078 1131 1151 1216 ipsc
1162 1123 1382 1199 vastabantur
1391 1131 1476 1199 bona

245 803 248 812 '
351 799 407 882 qni
433 817 495 884 por
520 798 659 868 dissidia
683 801 883 868 simultatum
910 803 1103 872 alterutrum
1122 801 1344 888 dissidebant,
1363 811 1399 870 et
1415 823 1480 870 mu·
1551 837 1552 840 ¹

219 1263 222 1270 ·
350 1229 512 1318 bdelium,
541 1235 600 1300 scd
626 1235 699 1302 iura
724 1237 940 1306 ecclesiarum
966 1246 1000 1306 ct
1025 1237 1163 1306 aliorum
1188 1239 1316 1325 piorum
1333 1241 1477 1308 locomm
1553 1266 1554 1332 r

350 1341 588 1428 diripiebantur
611 1344 807 1430 enormitnr,
835 1353 868 1413 et
883 1346 1067 1414 libertatem
1095 1347 1362 1416 ecclesiasticam
1389 1347 1476 1414 dam-
1553 1339 1554 1356 ¹

348 1450 528 1534 pn⁸bi¹it⁰¹
543 1453 805 1540 ⁰⁰⁰⁰¹¹¹⁰⁸b³¹¹ti
833 1453 1017 1522 animarum
1043 1473 1174 1541 quoquc
1193 1454 1477 1539 subsequebantur
1554 1528 1555 1544 r

348 1558 552 1646 deploranda
576 1561 733 1648 pericula,
760 1563 940 1652 nephanda
964 1583 1179 1651 personarum
1197 1563 1344 1648 excidia,
1364 1570 1399 1630 gt
1412 1564 1476 1630 ali,
1554 1553 1555 1576 i

349 1666 417 1735 iere
432 1670 605 1736 innumera
630 1671 846 1756 detrimenta3
871 1691 932 1739 nos
958 1671 1183 1740 verisimiliter
1212 1672 1409 1756 hesitantes,
1435 1692 1475 1739 nc

349 1796 390 1846 ex
407 1777 471 1844 hiis
487 1775 582 1846 tidem
594 1779 701 1863 ipsam
713 1779 883 1865 vacillare,
901 1779 1090 1849 libertatem
1108 1781 1247 1848 candem
1264 1789 1297 1848 et
1312 1781 1472 1850 iustitiam

350 1887 545 1974 conculcari,
561 1908 603 1956 ac
619 1905 747 1955 errores
764 1887 968 1956 scismaticos
987 1891 1154 1976 pullulare
1167 1889 1385 1977 contingeret,
1402 1889 1474 1956 licet

348 1993 628 2063 consideraremus
653 1995 836 2082 interdum,
863 1995 891 2063 si
918 1997 1139 2064 concurrisset
1163 2015 1235 2064 cum
1257 1996 1474 2082 possibilitate

348 2101 520 2188 decentia,
534 2109 683 2172 nostram
699 2103 820 2171 ibidem
847 2103 1002 2173 exhibere
1020 2105 1242 2192 presentiam,
1257 2111 1293 2170 nt
1308 2105 1401 2172 circa
1415 2104 1474 2171 hcc

346 2211 589 2297 presentialiter
614 2211 725 2280 studia
749 2219 864 2281 nostra
889 2213 1052 2282 versando
1068 2211 1158 2301 apud
1173 2214 1278 2282 Deum
1296 2217 1330 2280 ct
1346 2217 1471 2299 patrem

346 2319 577 2390 retributorem
595 2321 737 2388 omnium
754 2321 787 2388 in
804 2322 852 2390 sic
869 2322 973 2408 gratis
989 2327 1024 2389 ct
1042 2321 1191 2408 acceptis
1221 2319 1394 2405 obsequiis
1410 2339 1472 2387 me·

345 2447 510 2514 reremur,
536 2429 680 2499 culmina
695 2449 964 2516 preservaremus
980 2453 1001 2499 a
1017 2427 1190 2517 fluctibus,
1222 2437 1254 2497 et
1279 2437 1350 2496 tam
1376 2429 1474 2514 Regis

346 2559 444 2624 quam
456 2538 536 2607 dicti
545 2539 814 2626 Regnipopulum
826 2537 1081 2628 presentialibus
1091 2539 1305 2608 reficeremus
1322 2537 1473 2606 affatibus
1558 2579 1559 2608 u

347 2655 380 2714 et
395 2647 649 2716 exhibitionibus
660 2648 878 2735 spiritualium
889 2649 1069 2736 gratiarum
1086 2672 1094 2714 :
1123 2649 1207 2732 quia
1222 2655 1333 2715 tamen
1350 2647 1386 2713 id
1410 2665 1472 2713 nou

347 2757 535 2843 patiebatur
558 2763 671 2825 nostra
694 2757 860 2843 conditio,
876 2777 937 2826 nec
957 2759 1198 2845 emergentium
1214 2755 1360 2840 undiquc
1376 2773 1474 2839 ncgc·

344 2865 460 2932 tiorum
477 2865 680 2935 immensitas
696 2867 920 2952 permittebat,
937 2867 1161 2936 uenerabilem
1174 2865 1311 2933 tratrem
1326 2869 1471 2931 nostrum

346 2973 533 3061 Philippum
550 2975 746 3063 Episcopum
763 2977 964 3062 Firmanum,
977 2975 1170 3062 Apostolice
1188 2973 1286 3043 Sedis
1303 2973 1473 3058 Legatum,

347 3084 389 3150 de
405 3084 496 3152 cuins
512 3082 683 3170 industria,
700 3083 995 3170 circumspectione
1011 3081 1151 3170 provida
1168 3087 1201 3148 et
1225 3078 1303 3146 fidei
1329 3077 1473 3166 puritate

346 3191 554 3278 confidimus,
581 3190 625 3260 ad
640 3197 753 3280 partes
769 3191 846 3260 illas
864 3199 1031 3276 tamquam
1047 3191 1142 3278 pacis
1173 3188 1330 3275 angelum
1352 3187 1394 3256 de
1411 3185 1472 3252 fra·

345 3307 428 3368 trum
444 3309 624 3370 nostrorum
642 3301 779 3368 oonsilio
796 3299 947 3370 duximus
973 3297 1228 3382 destinandum,
1246 3303 1282 3364 ut
1298 3315 1472 3381 personam

345 3415 489 3479 nostram
514 3411 653 3478 Prolatis
678 3411 783 3497 Regni
799 3431 840 3478 ac
855 3410 930 3478 aliis
949 3411 1078 3477 illarum
1095 3405 1236 3493 partium
1252 3403 1424 3472 catholicis
1442 3409 1475 3472 ct

346 3519 422 3588 aliis
448 3525 673 3607 presentaret,
699 3526 731 3587 et
757 3539 820 3603 quc
846 3520 917 3588 Dec
935 3519 1109 3605 placitura,
1124 3516 1283 3600 dictoque
1300 3515 1415 3599 Regno
1432 3513 1475 3580 ad

346 3629 485 3697 salutem
502 3627 684 3714 profutura,
700 3635 733 3696 et
749 3628 794 3702 ad
810 3625 998 3696 Christiane
1014 3625 1093 3692 fidei
1109 3643 1149 3690 ac
1165 3623 1265 3709 Regii
1289 3628 1398 3689 status
1415 3621 1476 3688 ful·

348 3737 492 3804 cimenta
516 3737 681 3823 pertinere
708 3745 940 3822 cognosceret,
967 3736 1173 3803 anctoritate
1200 3738 1315 3801 nostra
1329 3729 1475 3797 munitus

345 3844 508 3932 impleret.
535 3843 667 3914 Utinam
699 3846 733 3912 in
759 3846 821 3914 hac
848 3855 940 3931 parte
965 3844 1085 3912 nostris
1112 3839 1285 3911 desideriis
1313 3837 1475 3908 satisfiat!

344 3952 493 4022 Profecto
518 3975 577 4024 ros
604 3955 777 4023 affectibus
804 3955 952 4042 paternis
968 3951 1177 4036 alloquimur,
1196 3955 1231 4015 ct
1248 3945 1346 4016 vobis
1363 3951 1476 4015 nostre

344 4061 464 4130 mentis
491 4063 655 4150 aperimus
680 4063 880 4150 intrinseca,
909 4069 944 4129 ut
959 4062 1002 4130 dc
1017 4057 1122 4147 patris
1142 4065 1278 4145 pectore
1294 4054 1474 4141 colligatis,

346 4172 435 4255 quod
460 4178 567 4240 vestre
591 4174 822 4263 prosperitatis
849 4171 1017 4239 commoda
1044 4169 1238 4254 querimus,
1255 4170 1289 4231 et
1305 4165 1339 4231 iu
1355 4164 1477 4232 vestris

346 4279 558 4349 successibus
574 4283 742 4369 prosperis
757 4283 983 4350 delectamur:
1009 4276 1130 4346 devota
1150 4291 1278 4360 qnoque
1295 4271 1412 4341 horum
1429 4277 1477 4336 at·

346 4391 494 4459 tentione
520 4389 729 4480 percipiatis,
748 4389 834 4478 quod
850 4391 953 4476 Regis
967 4387 1088 4456 salutis
1104 4386 1156 4454 uel
1164 4391 1276 4452 atores
1292 4379 1478 4462 existimus,

346 4522 408 4572 nec
433 4499 645 4571 ommittimus
669 4508 764 4570 aetus
789 4499 911 4586 Regios
927 4499 1069 4585 dirigere
1085 4491 1241 4584 precibus
1258 4489 1423 4556 interdum
1440 4487 1478 4552 li-

347 4615 417 4682 nire
434 4609 650 4696 commcuitis,
675 4615 708 4679 et
723 4610 767 4679 ad
785 4611 922 4696 Regem,
940 4629 1013 4678 cum
1029 4602 1174 4692 expedit,
1190 4599 1402 4669 correctionis
1418 4613 1479 4684 ps·
