3116 5166
589 325 750 428 jes-

104 537 279 588 eensnram
294 516 553 588 ecclesiasticum
569 523 798 610 appellatione
815 527 1001 614 postposita
1018 547 1232 615 compescen·

104 627 158 714 clo,
182 627 319 713 plenem
346 633 381 694 et
405 627 544 695 liberam
569 631 779 702 concedimus
804 635 1002 703 auctoritate
1027 639 1232 722 presentium

102 742 312 820 potestatem.
338 737 464 804 Datum
489 737 629 807 Viterbii
653 740 696 806 X.
723 741 894 811 Kalendas
910 741 1074 812 Octobris.
1091 743 1232 812 Pontifi-

103 851 197 914 eatna
213 847 322 928 nostri,
332 867 422 916 anno
438 848 557 934 primo.

200 1039 264 1114 (111.
280 1042 387 1100 Milton
400 1042 477 1118 pspe
490 1043 688 1118 Regeettlbol
702 1045 842 1104 Thcineri
855 1049 885 1104 d.
897 1066 933 1104 m.
947 1047 970 1103 1.
982 1047 1012 1105 k.
1025 1047 1132 1121 3321.)

533 1333 803 1346 tna—*um

636 1882 687 1946 tu.

95 2073 155 2160 20)
182 2073 215 2138 A
225 2077 317 2162 pdpc
331 2075 465 2164 Folcpcc
475 2073 739 2160 fciiatalmuzza,
766 2077 846 2164 hopy
860 2099 881 2141 α
909 2077 1031 2144 hicckct
1057 2079 1227 2148 buceckcd-

421 2185 661 2272 cczmdcpokdoo
685 2186 905 2252 resecatione.

214 2381 374 2450 Nicolaus
401 2381 584 2468 Episcopus
609 2401 724 2450 seruus
750 2403 918 2452 seruorum
952 2385 1017 2452 Dei
1042 2385 1226 2454 venerabili

93 2490 192 2556 fratri
216 2491 375 2578 Philippo
403 2492 570 2577 Episcopo
586 2491 742 2559 Firmano
760 2491 956 2579 Apostolicc
972 2491 1069 2562 Sedis
1086 2496 1226 2580 Legato.

93 2598 176 2665 Cum
194 2606 229 2666 te
245 2597 288 2664 ad
306 2601 455 2686 Ungaric
465 2650 474 2685 ‚
492 2601 650 2686 Polemio,
666 2600 842 2687 Dalmatis,
860 2601 1001 2686 Oroatis,
1019 2599 1134 2681 Reme,
1152 2601 1225 2668 Ser-

93 2710 168 2791 vie,
194 2708 412 2792 Lodcmerie,
440 2707 562 2775 Galitie
589 2715 622 2773 et
646 2708 804 2776 Cumanis
829 2716 953 2796 partes,
969 2709 1031 2776 tibi
1048 2709 1225 2776 commisso

89 2817 178 2883 inibi
194 2815 294 2902 plene
309 2815 485 2900 legationis
502 2813 621 2902 officio,
637 2837 697 2901 pro
714 2815 825 2884 arduis
842 2816 984 2899 negotiis
1002 2816 1226 2900 destinemus;

87 2925 332 3006 merulentus,
350 2933 385 2989 ut
409 2923 551 2991 enclesis
576 2923 706 2990 illerum
731 2925 876 3008 partium
903 2946 944 2991 ex
969 2931 1026 2990 tua
1052 2925 1223 3010 legatione

86 3031 297 3100 commodum
315 3031 448 3116 aliquod
464 3039 712 3116 consequentur,
730 3036 931 3119 presentium
947 3031 1007 3100 tibi
1026 3035 1224 3100 auctoritato

87 3141 308 3209 concedimus
318 3161 395 3208 uere
418 3141 639 3227 penitentibus
650 3147 683 3208 ct
693 3141 863 3226 confessis,
884 3141 941 3227 qui
951 3141 995 3207 ed
1011 3139 1156 3210 fabricas
1174 3158 1224 3206 cc·

86 3251 271 3318 clesierum
287 3251 433 3336 ipserum
443 3269 575 3315 manum
594 3250 800 3336 porrexerint
810 3248 1014 3332 adiutricem,
1034 3246 1149 3315 decem
1165 3247 1219 3316 vel

83 3359 209 3444 viginti
220 3410 229 3444 ,
257 3359 395 3444 triginta
409 3359 463 3425 uel
481 3357 700 3443 quadraginta
721 3356 791 3425 dies
808 3357 849 3424 de
865 3355 1022 3423 iniunctis
1043 3355 1108 3422 sibi
1133 3355 1224 3442 peni-

83 3468 208 3535 tentiis
218 3465 477 3534 misericorditer
492 3465 609 3534 valeas
619 3485 679 3550 per
695 3465 871 3532 triennium
885 3484 943 3532 sen
953 3463 1226 3560 quinquennium,

81 3577 179 3643 sicut
204 3574 363 3660 expedire
379 3574 520 3659 uideris,
544 3574 708 3641 relaxare.
735 3575 856 3641 Datum
878 3573 1016 3640 Viterbii
1031 3571 1073 3638 X.
1098 3569 1224 3640 Kalen·

80 3685 151 3751 das
182 3681 348 3768 Octobris,
375 3683 581 3751 Pontificetis
597 3685 701 3749 nostri
719 3703 805 3750 enno
821 3684 937 3768 primo.

195 3877 259 3952 (111.
272 3879 378 3936 llikloe
391 3875 470 3950 popa
482 3875 681 3950 Regestdibdl,
696 3877 821 3936 Theincr
833 3877 871 3932 id.
885 3895 921 3932 m.
935 3876 956 3930 Ι.
969 3876 997 3930 k.
1013 3871 1118 3946 3321.)

130 4652 546 4708 uoulUu.1luuc.lnsr.-n1rn
559 4653 579 4692 c.
