3156 5158
831 350 846 357 ..
897 260 991 359 58.

347 475 406 541 per
416 455 489 520 illos
501 475 540 520 ex
556 454 683 523 decima
699 456 773 542 ipsa
789 458 961 542 pecuniam
976 456 1018 526 de
1027 460 1246 546 predictorum
1257 461 1425 530 Ordinarii
1439 469 1468 527 et

348 565 485 629 aliorum
511 565 646 631 consilio
673 565 779 634 facias
805 587 864 650 per
880 569 1074 634 collectores
1096 569 1230 637 eosdem
1248 572 1280 636 iu
1298 573 1378 638 tutis
1394 571 1468 636 loeis

349 673 401 737 rel
418 672 490 738 loco
519 673 648 758 deponi.
675 673 750 740 libi
775 695 904 760 quoque
931 697 1002 742 cum
1019 678 1158 744 consilio
1175 657 1465 744 eorumdemOrdi·

348 779 433 845 narii
460 787 493 846 et
517 780 651 846 aliorum
677 772 828 848 mutandi
856 784 1047 853 collectores
1065 787 1168 872 ipsos,
1187 785 1336 870 quotiens
1352 785 1467 853 videris

348 889 524 974 expedire,
552 910 592 956 ac
619 909 676 958 eos
705 893 925 979 compellendi
941 895 985 961 ad
1000 895 1205 962 reddendum
1219 913 1329 960 coram
1347 893 1468 960 eisdem

351 995 536 1064 Ordinariis
552 1006 584 1065 et
600 999 675 1064 aliis
692 1006 876 1084 computum
906 1003 948 1068 de
974 1001 1132 1084 collectis,
1159 1009 1192 1068 et
1217 1003 1469 1070 contradictores

349 1107 514 1188 quoslibet
529 1108 728 1175 auctoritate
746 1110 939 1196 Apostolica
953 1131 1011 1198 per
1032 1131 1204 1180 censuram
1215 1112 1468 1180 eeclesiasticam

351 1216 593 1302 compescendi,
611 1216 744 1303 plenam
762 1219 878 1285 eadem
895 1221 1091 1287 auctoritate
1108 1219 1316 1287 concedimus
1333 1227 1468 1308 potesta·

351 1337 428 1392 tem.
446 1327 537 1392 litut
553 1332 620 1392 tam
637 1334 684 1412 tu,
703 1346 809 1409 quam
828 1329 905 1394 dicti
931 1329 1124 1396 collectores
1141 1328 1280 1395 fructum
1298 1330 1340 1396 de
1356 1329 1468 1396 vestris

355 1435 524 1504 laboribus
540 1436 723 1520 reportetis,
741 1437 908 1520 premissa
925 1437 986 1504 tibi
1002 1444 1035 1504 et
1050 1439 1098 1505 eis
1114 1437 1386 1506 inremissionem
1401 1457 1468 1522 pec·

352 1551 496 1611 catorum
513 1541 721 1629 iniungimus,
734 1553 766 1610 et
781 1544 1010 1613 nichilominus
1026 1567 1047 1611 a
1063 1546 1267 1634 prestatione
1278 1546 1471 1630 deeimepro

350 1653 445 1719 annis
462 1651 537 1735 illis,
555 1653 672 1736 quibus
689 1654 780 1720 eirca
797 1673 837 1720 ea
853 1653 1057 1740 laborabitis,
1074 1655 1227 1722 volumus·
1239 1672 1298 1722 vos
1324 1674 1399 1722 esse
1416 1655 1471 1719 inr-

352 1783 471 1829 munes.
497 1760 546 1827 Te
570 1765 719 1846 preterea
735 1761 825 1828 illius
842 1761 1042 1846 indulgentie
1060 1765 1269 1832 concedimus
1285 1781 1360 1830 esse
1377 1763 1470 1850 parti-

352 1873 466 1955 cipem‚
484 1890 546 1952 quc
563 1870 798 1953 crucesignatis
811 1870 1030 1958 personaliter
1047 1871 1337 1938 transfretantibus
1355 1873 1389 1937 in
1406 1892 1470 1960 pre-

353 1978 420 2047 fate
445 1985 530 2045 terre
556 1977 738 2046 subsidium
765 1985 815 2047 est
841 2000 1021 2065 concessa,
1048 1987 1082 2048 et
1108 1981 1193 2065 quod
1219 1982 1261 2050 de
1276 1983 1421 2070 pecunia
1436 2001 1471 2047 ex

354 2090 428 2176 ipsa
445 2089 573 2155 decima
590 2083 777 2174 colligenda
795 2089 936 2175 singulis
957 2090 1093 2170 diebus,
1118 2090 1284 2176 inquibus
1302 2093 1391 2158 eirca
1406 2111 1470 2176 pre·

353 2199 456 2265 missa
472 2197 620 2277 vacabis,
638 2203 706 2266 tres
722 2197 834 2267 soldos
866 2199 1098 2285 sterlingorum
1113 2199 1277 2290 percipias
1289 2219 1351 2284 pro
1362 2219 1471 2286 expen-
1558 2239 1559 2244 κ

354 2315 408 2376 sis.
426 2311 500 2378 Non
518 2307 735 2394 obstantibus,
753 2309 782 2376 si
798 2309 969 2392 aliquibus
987 2331 1008 2376 a
1029 2311 1117 2378 Sede
1141 2310 1338 2398 Apostolica
1363 2310 1407 2376 sit
1432 2309 1471 2372 in-

354 2419 489 2504 dnltum,
508 2415 595 2500 quod
611 2417 775 2501 interdici,
793 2419 952 2504 suspendi
962 2417 1015 2484 rel
1027 2419 1304 2490 excommunicari
1319 2439 1388 2486 non
1404 2437 1471 2502 pos·
1558 2431 1559 2440 ¹

353 2531 421 2598 sint
446 2549 504 2616 per
529 2529 658 2595 litteras
682 2525 913 2614 apostolicas,
940 2547 1004 2612 que
1029 2527 1070 2594 de
1091 2529 1217 2598 indulto
1236 2528 1424 2597 huiusmodi
1439 2545 1472 2592 ao

354 2647 426 2706 tota
441 2641 511 2705 eius
528 2636 729 2704 continentia
746 2635 788 2703 de
807 2636 908 2703 verbo
930 2636 972 2703 ad
990 2636 1144 2723 verbum,
1170 2643 1203 2706 et
1218 2637 1259 2706 de
1274 2640 1417 2725 propriis
1432 2639 1472 2704 lo·
1558 2641 1559 2702 l

356 2767 467 2814 corum
484 2753 516 2813 et
532 2763 743 2830 personarum
767 2743 955 2812 nominibus
982 2746 1182 2832 specialem,
1207 2749 1342 2834 plenam
1362 2753 1402 2812 et
1427 2765 1473 2810 er·

356 2875 506 2942 pressam
522 2875 586 2922 non
602 2855 740 2921 fecerint
755 2853 972 2940 mentionem,
990 2855 1061 2921 sire
1076 2855 1276 2938 quibuslibet
1292 2855 1368 2922 aliis
1384 2853 1474 2940 priri-
1558 2923 1559 2950 ζ

355 2965 472 3049 legiis,
489 2963 721 3048 indulgentiis,
749 2967 803 3032 vel
819 2964 937 3031 litteris
964 2963 1238 3048 quibuscumque,
1254 2963 1474 3050 dignitatibus,
1558 2953 1559 2972 ¹

354 3074 542 3158 ordinibus,
559 3073 640 3142 locis
657 3075 710 3141 vel
727 3075 878 3159 personis
902 3073 1118 3158 generaliter,
1142 3075 1196 3142 uel
1213 3073 1404 3160 specialiter
1420 3071 1474 3140 sub

355 3204 549 3268 quacunqua
574 3183 678 3251 forma
704 3184 757 3252 rel
784 3183 1007 3278 conceptione
1023 3182 1194 3252 verborum
1209 3182 1253 3250 ab
1269 3183 1387 3252 eadem
1403 3179 1476 3250 sede

355 3295 539 3378 concessis,
556 3293 597 3362 de
613 3294 731 3378 quibus
747 3312 952 3376 quorumque
980 3293 1059 3360 totis
1083 3292 1248 3360 tenoribus
1265 3290 1306 3360 de
1322 3292 1421 3358 verbo
1436 3287 1477 3355 ad

354 3406 489 3472 verbnm
505 3403 539 3468 in
554 3406 679 3472 nostris
696 3403 815 3470 litteris
832 3402 1002 3488 specialis,
1020 3402 1123 3487 plena
1139 3408 1172 3468 et
1188 3421 1347 3488 expressa
1361 3398 1477 3466 mentio

355 3514 398 3582 sit
423 3511 590 3580 habenda.
617 3513 775 3580 Volumus
800 3519 932 3593 autem,
959 3516 996 3577 ut
1020 3511 1206 3596 frequenter
1230 3509 1325 3576 nobis
1341 3507 1477 3576 scribare

359 3623 512 3708 studeas,
540 3620 618 3706 quid
643 3628 751 3686 actum
779 3619 878 3687 luerit
906 3620 939 3687 in
966 3619 1114 3703 qualibet
1129 3617 1293 3704 provintia
1309 3625 1378 3684 tam
1393 3618 1478 3683 circa

356 3731 569 3818 collectores,
587 3750 683 3815 quam
702 3731 791 3796 circa
813 3729 1048 3814 collectionem,
1066 3726 1283 3811 quantitatem
1300 3728 1479 3803 collectam,

355 3841 460 3926 ipsius
475 3839 734 3925 depositionem,
751 3839 859 3904 locum
876 3835 1098 3922 depositionis
1114 3855 1155 3902 ac
1171 3835 1312 3902 modum.
1339 3835 1380 3900 Et
1395 3834 1481 3899 insn-

355 3968 416 4036 per
432 3949 473 4014 de
493 3947 663 4034 premissis
680 3947 820 4015 fideliter
848 3967 887 4012 ao
913 3945 1058 4012 sollicite
1083 3943 1320 4030 prosequendis
1346 3949 1481 4028 prestes,

357 4058 455 4124 tactis
473 4057 692 4124 saerosanctis
709 4055 893 4141 evangeliis
903 4104 912 4139 ,
930 4055 1159 4120 iuramentum.
1176 4050 1396 4120 Considerans
1419 4048 1479 4114 ita·

356 4177 430 4252 que,
447 4163 533 4249 quod
549 4165 581 4230 in
599 4165 769 4250 premissis
785 4163 953 4249 negotium
970 4163 1035 4229 Dei
1061 4163 1293 4248 prosequeris,
1309 4166 1342 4226 et
1357 4159 1389 4224 in
1405 4176 1483 4222 con·

357 4281 473 4360 spectu
489 4273 591 4360 Regis
607 4273 687 4358 eius,
704 4275 759 4358 qui
776 4279 897 4341 cuncta
913 4271 1082 4356 discernit,
1109 4269 1245 4356 sibique,
1273 4289 1334 4336 nec
1358 4287 1419 4334 non
1449 4270 1484 4329 et

357 4383 462 4468 nobis,
479 4383 534 4468 qui
551 4384 637 4449 eirca
653 4381 714 4449 hec
730 4403 857 4450 omnem
874 4379 1079 4466 diligentiam
1097 4378 1256 4446 adbibere
1273 4374 1485 4444 intendimus,

356 4493 522 4561 teneberis
548 4491 687 4560 reddere
713 4497 873 4560 rationem
899 4493 942 4558 ab
969 4497 1106 4575 utroque
1122 4509 1180 4575 pro
1197 4488 1322 4556 meritis
1336 4489 1487 4566 receptu·

352 4622 430 4689 rus,
458 4603 506 4670 sic
521 4600 701 4696 prudenter
720 4601 752 4672 iu
779 4601 849 4672 illis
876 4601 1000 4674 habere
1026 4606 1059 4674 to
1084 4598 1238 4683 studeas,
1264 4595 1313 4665 sie
1329 4594 1490 4671 consulte,
