3116 5166
867 937 922 1005 35.

340 1150 400 1213 lV.
426 1151 541 1215 λα’-σεῖό
564 1151 671 1242 kircitp
700 1153 861 1239 l'unprcicz
878 1157 909 1218 e‘s
925 1155 1016 1219 I'dtcr·
1032 1155 1219 1240 pro'folcuolt,
1241 1159 1376 1220 lr'cizrndr·
1391 1159 1460 1241 pro'j

336 1259 464 1341 fluitant
481 1261 614 1345 Lornpto'
627 1263 709 1325 nevil
722 1261 912 1345 tirtototar,
932 1264 1014 1348 nuely
1031 1267 1115 1331 ib'lb'k
1131 1267 1159 1330 ct
1175 1266 1238 1330 volt
1257 1271 1336 1351 ectu,
1352 1269 1458 1330 vissae-

796 1371 885 1457 adju.
903 1373 1000 1448 1276.

446 1583 652 1674 (L)adislaus
679 1587 742 1652 Dei
768 1577 884 1672 gracia
900 1587 1068 1672 Hungarie
1079 1641 1088 1674 ,
1106 1589 1278 1656 Dalmaeie
1288 1640 1297 1673 ,
1315 1589 1457 1672 Croucic,

336 1696 437 1761 Reme
448 1745 457 1779 ,
474 1692 608 1778 Seruie,
626 1694 764 1762 Gallioie
774 1747 783 1781 ,
802 1695 1014 1779 Lodomerie‚
1041 1697 1217 1781 (lumenie,
1246 1699 1457 1781 Bnlgaricque

336 1804 407 1869 Rex
433 1803 591 1888 omuibus,
608 1803 651 1872 ad
676 1824 757 1888 quos
773 1825 910 1892 presens
928 1807 1081 1892 scriptum
1100 1807 1300 1892 peruenerit,
1321 1809 1454 1874 salutem

337 1912 369 1975 in
386 1913 529 1978 omniurn
546 1913 732 1979 Saluatore.
759 1913 810 1980 Ad
837 1913 1061 1980 uniuersorum
1078 1915 1232 1982 noticiam
1249 1913 1363 1982 harum
1379 1917 1455 1984 serio

336 2021 491 2086 volumus
506 2021 698 2106 peruenire,
725 2022 814 2104 quod
840 2023 955 2090 Comes
983 2023 1183 2107 Pangracius
1205 2031 1238 2088 et
1253 2025 1386 2106 Petrus,
1402 2023 1454 2105 filij

335 2126 468 2195 Comitis
484 2127 653 2214 Oazmerij,
664 2129 707 2196 ad
716 2135 861 2196 nostram
873 2127 1035 2197 accedens
1046 2129 1251 2215 presenciam
1263 2127 1453 2219 (lgy),nobis

336 2237 500 2304 humiliter
519 2239 766 2324 supplicarunt,
793 2245 828 2304 ut
853 2259 913 2304 nos
930 2246 1050 2304 terram
1067 2240 1210 2326 ipsorum
1227 2237 1386 2326 Lomptou
1405 2261 1453 2307 ro-

336 2355 456 2432 catam,
473 2347 508 2414 iu
524 2347 685 2416 comitatu
701 2347 861 2414 Huutensi
877 2347 1081 2429 existentem,
1100 2367 1162 2430 que
1174 2355 1324 2434 tempore
1340 2347 1454 2416 domiui

335 2459 436 2545 Regis
461 2457 560 2540 Bele,
585 2457 638 2526 aui
667 2457 771 2524 nostri
788 2457 978 2542 karissimi,
997 2456 1452 2542 felicissimerecordacionis,
1541 2525 1542 2550 ἢ

334 2589 354 2634 a
371 2571 467 2652 petre
482 2567 637 2650 ipsorum,
655 2566 798 2650 quodam
815 2567 924 2653 modo,
942 2565 1050 2634 lueret
1066 2565 1224 2652 alienata,
1240 2565 1364 2633 eisdem
1389 2564 1454 2632 red·
1541 2553 1542 2585 ¹

335 2676 414 2744 dere
431 2680 464 2742 et
478 2677 653 2742 restituere
669 2673 709 2742 de
725 2674 927 2760 benignitate
943 2677 1049 2762 Regia
1071 2675 1291 2760 dignaremur.
1317 2677 1384 2741 Nos
1399 2675 1453 2741 ita-
1540 2739 1541 2759 ,

336 2801 419 2866 que,
435 2784 529 2850 iustis
545 2783 761 2869 peticionibus
777 2784 921 2871 ipsorum
948 2785 1126 2870 Pangraoij
1143 2791 1177 2851 et
1192 2775 1281 2850 Petri
1299 2783 1454 2851 fauorabi-

334 2893 410 2960 litcr
427 2894 587 2976 inclinati,
605 2893 920 2979 considerantesque
937 2892 1136 2980 multiplices
1153 2891 1341 2980 fidelitates,
1354 2899 1453 2958 etms·
1539 2905 1540 2935 l

335 3002 449 3070 ritoria
463 3002 605 3072 seruicia
620 3003 827 3082 eorumdem,
846 3022 908 3086 que
924 3003 1026 3088 ijdem
1043 3002 1176 3070 domino
1191 3001 1276 3088 Regi
1293 3001 1371 3068 Bele
1395 3018 1454 3066 auo

334 3118 446 3180 nostro
456 3161 466 3197 ,
483 3119 516 3180 et
541 3112 673 3180 domiuo
698 3113 781 3198 Regi
798 3111 967 3197 Stephano
982 3113 1068 3199 patri
1086 3117 1199 3181 nostro
1215 3109 1397 3178 karissimis
1411 3107 1454 3176 ie·

333 3222 440 3286 licium
467 3221 732 3290 recordacionum
745 3271 754 3306 ,
779 3243 800 3286 a
828 3221 982 3307 primeuis
1008 3239 1067 3288 sue
1084 3219 1227 3306 puericie
1246 3218 1456 3305 temporibus,

331 3339 361 3395 ct
377 3330 584 3416 postmodum
600 3329 706 3415 nobis,
723 3331 757 3398 in
774 3329 917 3398 diuersis
934 3328 1206 3414 expedicionibus
1222 3327 1331 3412 Regni
1347 3327 1455 3406 nostri,

332 3457 368 3505 ss
385 3445 418 3504 et
434 3457 495 3504 sua
513 3439 642 3506 fortune
660 3439 794 3506 essibus
812 3455 979 3522 exponere
996 3457 1058 3504 non
1077 3435 1316 3520 formidantes,
1333 3443 1365 3502 ot
1388 3451 1454 3518 spe·

332 3549 456 3614 cialiter
472 3547 505 3612 iu
524 3546 785 3614 conseruaeioue
801 3546 901 3612 castri
928 3546 1071 3630 ipsorum
1088 3543 1215 3611 (lhehte
1230 3545 1342 3611 voeati
1352 3593 1360 3626 ,
1385 3559 1454 3608 eum

333 3656 401 3723 alia
418 3663 528 3722 castra
545 3663 680 3734 nostra,
698 3657 784 3722 ultra
799 3651 887 3740 Wag
903 3653 1103 3735 existendis,
1120 3671 1178 3738 per
1193 3651 1343 3720 homiues
1360 3651 1455 3730 Regis

334 3765 547 3848 Boemorum,
572 3771 648 3828 tuno
673 3763 828 3848 capitalis
855 3762 976 3827 inimici
1003 3761 1125 3847 nostri,
1142 3760 1308 3828 hostiliter
1325 3760 1455 3828 luissent

334 3883 515 3960 occupate,
541 3871 680 3942 fideliter
703 3873 921 3939 exhibuerunt
947 3877 980 3937 et
995 3865 1142 3956 [deuote,
1160 3867 1324 3952 prefatam
1340 3875 1455 3934 terram

334 3981 520 4068 Lomptow,
537 4003 611 4050 eum
636 3983 786 4049 omnibus
813 3979 1011 4046 utilitatibus
1027 3977 1096 4046 suis
1113 3985 1145 4043 et
1160 3976 1374 4065 pertineneijs
1389 3977 1456 4041 vni·
1533 3971 1534 3983 ’

332 4093 458 4179 uersis,
476 4091 536 4159 sub
553 4090 677 4158 eisdem
694 4094 791 4158 metis
809 4097 842 4155 et
867 4089 1033 4173 terminis,
1051 4087 1168 4168 quibus
1185 4104 1245 4170 per
1261 4093 1384 4170 putrem
1399 4081 1455 4166 ip·
1532 4115 1533 4157 t

334 4223 444 4269 sorum
469 4202 649 4285 antiquitus
677 4200 782 4268 luerat
799 4217 974 4284 possessa,
992 4199 1033 4264 de
1050 4195 1189 4264 consilio
1204 4196 1347 4263 omnium
1362 4194 1457 4258 Baro·
1531 4255 1532 4264 ,

332 4331 408 4377 oum
426 4317 609 4378 nostrorum
628 4315 660 4374 et
676 4309 903 4393 beneplacito,
931 4305 1054 4374 eisdem
1080 4302 1290 4388 Paugraeio,
1316 4305 1406 4369 Petro
1424 4307 1459 4365 et

333 4419 488 4486 iratribus
506 4439 637 4502 corum,
664 4439 704 4484 ae
723 4437 783 4503 per
799 4437 856 4485 eos
869 4414 1048 4482 heredibus
1062 4413 1133 4479 suis
1150 4411 1369 4495 heredumque
1382 4428 1458 4474 suo·

333 4549 401 4595 rum
419 4525 664 4594 suecessoribus
675 4577 684 4611 ,
712 4525 915 4594 reddidimus
933 4533 966 4590 et
981 4521 1191 4607 restituimus,
1208 4542 1283 4608 yrno
1308 4519 1458 4586 dedimus
1529 4517 1530 4544 l

332 4649 364 4706 et
381 4637 585 4720 contulimus,
602 4635 671 4702 iure
687 4646 854 4722 perpetuo,
872 4643 904 4699 et
923 4631 1198 4700 ircoooeabiliter
1213 4627 1448 4714 possidendam
