3142 5170
649 380 711 445 331

606 473 752 480 --—-——-

119 579 191 647 neri
200 630 209 664 ‚
236 579 295 648 sed
312 587 346 650 ta
354 600 482 664 mquam
501 579 612 647 natiue
629 576 793 646 libertatis
809 579 978 666 priuilegio
996 597 1067 654 cum
1083 578 1170 644 omni
1186 598 1242 664 po·

118 689 272 756 steritate
296 709 358 756 sua
383 689 576 776 perenuiter
602 686 665 754 frui
691 685 834 754 debeant
860 693 892 753 et
909 686 1033 770 loueri5
1063 693 1095 752 et
1110 685 1243 771 insuper

120 796 308 881 obligantes
336 817 392 882 se,
419 795 505 880 qood
532 794 718 878 quicunque
734 813 890 879 processu
923 802 1102 880 temporum
1127 794 1243 878 ipsum,

118 906 285 974 Joankam
311 915 367 975 aut
390 909 433 974 ab
459 909 530 992 ipso
555 905 792 973 descendentes
812 903 944 972 racione
961 902 1163 971 condicionis
1179 906 1241 989 pri·

122 1015 213 1082 stine
229 1016 263 1082 in
279 1015 399 1085 iudicio
416 1017 469 1084 uel
498 1021 592 1082 extra
617 1013 767 1080 iudicium
793 1019 1028 1099 attemptarent
1051 1013 1242 1099 propulsare

119 1123 207 1190 idam
233 1123 376 1193 Jacobus
403 1129 434 1190 et
460 1117 587 1191 Bodolo
613 1123 811 1189 tenebuntur
833 1141 889 1188 eos
916 1120 1074 1205 expedire
1099 1120 1240 1206 propriJs

120 1231 292 1298 laboribus
309 1239 342 1298 et
357 1233 519 1318 expensis.
549 1233 586 1298 In
604 1232 695 1298 ouius
712 1231 759 1298 rei
775 1230 966 1298 memoriam
982 1241 1151 1314 presentes
1167 1247 1241 1294 oon·

119 1340 281 1407 cessimus
307 1341 433 1407 litteras
461 1341 562 1424 sigilli
591 1341 692 1406 nostri
718 1341 893 1406 munimine
919 1338 1102 1405 roboratas.
1118 1333 1238 1403 Datum

119 1469 209 1514 anno
226 1449 268 1515 Μ.
285 1447 349 1516 CO.
367 1449 589 1532 octuagesimo
601 1453 727 1516 octauo.

119 1641 256 1714 (Hartya.
271 1642 401 1702 Nemueti
425 1644 507 1700 azinii
529 1646 656 1716 selymcn
676 1643 747 1716 fiigg
761 1663 779 1698 a
792 1643 856 1716 mag
870 1644 905 1715 dp
919 1642 1026 1716 pecsdt.
1040 1638 1242 1714 Pozsonyktp·

259 1734 350 1792 talani
363 1732 494 1791 levdltair.
506 1733 602 1806 Capsa
613 1735 690 1791 XIV.
705 1735 788 1792 Paeo.
802 1735 846 1791 23.
860 1734 908 1791 Nn.
922 1737 963 1792 28.
985 1736 1105 1802 lineos.)

553 2027 814 2038 Q...-

652 2576 711 2640 211

122 2769 153 2834 A
177 2771 328 2856 pozsoupi
354 2772 507 2857 koptolau
523 2771 794 2860 diaouysu'pdocelc,
810 2771 889 2858 bopy
905 2773 1022 2855 Bolko,
1046 2773 1167 2838 Wotluot'
1182 2775 1242 2837 llc·

120 2902 176 2942 rus
200 2887 346 2965 daocpyc,
364 2881 466 2943 Fotlco
492 2884 574 2945 nevit
596 2881 751 2966 szolpcjctt
768 2880 927 2946 azabuddci
951 2879 1127 2945 bccadtctta.
1145 2882 1241 2944 1288.

515 3117 554 3182 A.
665 3120 718 3228 Β.1
814 3116 849 3183 G.

232 3313 400 3380 Vniuersis
412 3313 534 3380 Christi
550 3315 703 3382 fidelibus
721 3321 889 3399 presentes
906 3313 1032 3382 litteras
1049 3315 1242 3401 inspecturis

120 3422 313 3508 Capitulum
331 3423 478 3490 Ecclesie
497 3425 709 3491 Poaoniensis
735 3426 875 3491 salutem
890 3425 924 3491 in
941 3425 1089 3492 Domino.
1107 3425 1159 3491 Ad
1175 3424 1243 3490 vni-

119 3550 286 3598 uersorum
298 3531 453 3597 noticiam
465 3539 576 3601 tenore
587 3533 789 3618 presencium
802 3537 950 3600 uolumus
960 3534 1142 3618 peruenire,
1156 3531 1243 3615 quod

120 3639 256 3706 domina
280 3640 398 3724 Botka,
415 3641 529 3708 relicta
547 3641 648 3708 Ilcrus
676 3643 718 3708 de
734 3643 864 3725 Wotha‚
890 3641 957 3706 filia
981 3639 1147 3722 Budooha‚
1173 3659 1244 3706 con·

120 3749 241 3814 stituta
257 3748 475 3830 personaliter
490 3767 599 3814 coram
616 3747 720 3823 nobis,
738 3751 903 3832 quendam
920 3768 1053 3816 seruum
1069 3767 1171 3826 suum,
1188 3768 1243 3813 no-

120 3858 209 3922 mine
225 3856 346 3938 Fotka,
363 3875 460 3943 quem
479 3856 512 3923 in
538 3859 882 3942 recompensacionem
908 3855 994 3923 dotis
1010 3871 1067 3922 sue
1082 3875 1122 3921 ac
1138 3874 1244 3922 rerum

120 3962 413 4050 paraphernalium
440 3965 506 4032 iarn
532 3965 661 4051 pridem
688 3966 845 4036 Nicolaus
870 3963 954 4032 lilius
970 3965 1054 4050 Elye
1071 3963 1113 4030 de
1129 3963 1245 4031 eadem

121 4073 243 4138 Wotba
268 4071 450 4138 tradiderat
475 4080 631 4158 perpetuo
647 4072 900 4160 possidendum,
919 4093 1017 4159 super
1033 4091 1098 4156 qua
1113 4071 1244 4156 quidem

122 4180 309 4248 tradicione
337 4201 376 4245 ex
402 4201 487 4249 nouo
512 4189 658 4248 nostrum
683 4181 889 4268 priuilegium
917 4187 969 4248 est
993 4179 1195 4264 coniectum,
1211 4181 1245 4247 in

120 4290 224 4355 nostri
242 4290 416 4374 presencia
431 4309 491 4373 pro
502 4308 559 4357 sue
570 4291 679 4358 anime
696 4291 839 4358 remedio
855 4289 1045 4358 manumisit
1060 4297 1093 4356 et
1108 4290 1247 4358 tradidit

121 4419 196 4465 cunr
214 4399 301 4464 omni
319 4397 510 4484 posteritate
527 4419 586 4467 sua
603 4407 760 4486 perpetue
786 4400 953 4486 libertati,
969 4401 1035 4484 ita,
1053 4399 1139 4486 quod
1155 4399 1247 4466 inan·

121 4513 175 4574 tea
196 4505 282 4573 idem
300 4507 419 4591 Fotka,
436 4508 488 4572 uel
504 4507 643 4576 heredes
660 4509 710 4575 sui
726 4515 783 4575 aut
799 4507 953 4577 heredum
970 4529 1101 4575 suorum
1118 4525 1244 4574 succes-

122 4633 235 4699 sores,
261 4615 306 4681 ad
321 4615 447 4700 ipsam,
473 4615 527 4681 uel
554 4615 597 4682 ad
612 4617 711 4684 alium
728 4616 871 4699 aliquem
888 4617 930 4685 de
946 4615 1094 4702 cognatis
1111 4615 1178 4684 suis
1194 4633 1245 4680 ra

122 4724 217 4792 cione
234 4724 372 4794 alicuius
397 4722 623 4799 obnoxietatis
649 4725 911 4798 neccessitudine
932 4744 998 4797 uon
1015 4725 1158 4799 debeant
1174 4743 1246 4812 per·
