3156 5158
855 315 946 430 „⁸4
1005 417 1015 426 .

367 515 639 586 teruntletolibus
656 515 819 598 sauoiati,
836 520 950 580 eontra
964 511 1105 580 hostiam
1123 533 1245 581 euneos
1262 511 1425 598 intrepide
1442 515 1481 581 di-

368 625 538 706 mieand0;
564 633 596 690 et
613 625 690 690 lieet
705 625 889 710 prescripta
906 623 1104 706 obsequiosa
1121 623 1256 700 merita,
1274 630 1306 688 et
1324 624 1484 689 meritoria

370 735 530 820 obsequia
554 733 681 802 Corone
705 735 809 819 Regie
834 731 976 800 fideliter
996 734 1147 817 impensa
1163 731 1374 817 presentibus
1390 733 1483 799 intro-

329 902 332 920 „
369 846 434 912 seri
450 843 649 925 debuissent,
667 851 776 909 tamen
793 841 837 908 ad
853 862 990 928 presens
1007 850 1140 928 propter
1155 842 1276 908 uieium
1291 841 1484 928 prolixitatis

369 953 558 1020 enitendum
573 954 707 1020 reeitari
725 953 838 1020 ordine
854 973 946 1040 prom
964 987 1007 999 -·
1023 989 1067 1000 -
1092 954 1177 1019 inter
1200 953 1396 1039 multiplicia
1422 971 1483 1016 ser-

368 1061 663 1146 uieiaprefatorum
678 1061 819 1131 liliorum
836 1061 1017 1148 Atraebyk,
1034 1081 1169 1147 perque
1190 1061 1290 1146 ijdem
1304 1081 1413 1129 eoram
1430 1060 1484 1124 Re·

368 1171 419 1254 gis
433 1171 620 1239 Maiestatis
636 1170 678 1237 ob
708 1207 744 1216 -
764 1205 808 1217 —
824 1205 867 1217 —
884 1167 1015 1235 inerant
1040 1169 1313 1254 commendandi,
1330 1177 1362 1235 et
1378 1167 1483 1254 graeia

368 1279 554 1346 Maiestatis
569 1279 673 1364 Regie
699 1277 879 1345 extollendi
906 1275 1018 1344 nostre
1044 1279 1302 1346 mansuetudinis
1329 1278 1432 1343 oeulis
1446 1311 1484 1324 -

368 1422 413 1436 -
427 1423 472 1434 -
487 1393 705 1470 reeensentes,
722 1397 756 1452 ut
782 1407 890 1453 eorum
908 1388 1058 1475 exemplo
1082 1386 1227 1473 reliquos
1252 1386 1296 1454 ad
1320 1383 1483 1453 fidelitatis

367 1517 470 1584 opera
486 1495 672 1564 exercenda
688 1494 806 1562 deuote
822 1494 1005 1582 incitemus,
1031 1496 1273 1580 prenominatos
1289 1492 1378 1561 filios
1396 1499 1483 1559 Atra·

368 1606 468 1693 ehylr,
485 1611 518 1673 et
532 1625 591 1694 per
608 1624 665 1670 eos
681 1603 882 1690 propinquos
898 1623 1012 1670 eorum
1029 1611 1199 1687 cognatos,
1221 1604 1426 1688 Stephanum
1441 1601 1482 1666 ui·

367 1711 500 1797 delieet,
517 1707 580 1799 (et)
596 1708 758 1779 Thomam
773 1708 858 1776 lilios
876 1710 1029 1795 Kurpaas
1039 1761 1048 1794 ‚
1065 1709 1255 1797 Ohepanum
1264 1761 1273 1795 ,
1291 1719 1324 1776 et
1340 1710 1483 1778 Penkan

366 1819 452 1890 filios
468 1821 584 1907 Tyba,
601 1821 739 1906 Bogyna
754 1818 854 1886 filium
871 1818 1050 1906 Woyalow,
1072 1827 1104 1886 et
1119 1820 1289 1886 Albertum
1306 1819 1405 1886 tilium
1421 1803 1485 1886 Ma?

368 1931 468 2016 chyl,
485 1949 526 1997 ae
543 1927 683 1996 heredes
699 1929 855 2016 ipserum,
874 1929 1096 2011 heredumque
1112 1948 1244 1996 suorum
1270 1947 1484 2008 suceessores,

366 2036 409 2104 de
425 2043 605 2105 memorata
621 2037 814 2106 eond²oione
830 2057 940 2104 eorum
955 2055 1044 2122 pure,
1072 2044 1105 2102 et
1130 2037 1322 2122 simpliciter
1347 2037 1487 2103 eximen-

366 2153 428 2232 tes,
445 2165 519 2216 oum
534 2144 734 2214 hereditaria
750 2152 837 2212 terra
853 2165 975 2230 eorum,
993 2147 1026 2210 in
1042 2164 1218 2232 nnmerum,
1230 2155 1348 2226 oetam,
1365 2153 1398 2211 et
1414 2165 1486 2210 eon·

366 2255 507 2322 sor‘oium
523 2259 708 2322 nostrorum
724 2253 942 2319 seruienoium
958 2252 1141 2340 Regelium,
1159 2255 1200 2320 de
1213 2254 1420 2340 plenitudine
1436 2272 1488 2318 no-

365 2370 434 2432 stre
449 2364 561 2448 gretie
576 2363 728 2430 duximus
745 2361 990 2430 transferendos
1003 2385 1011 2448 3
1030 2365 1190 2441 uolentes,
1210 2371 1245 2430 ut
1260 2365 1303 2431 de
1319 2371 1433 2432 cetero
1449 2365 1488 2430 de

366 2473 505 2560 pristine
529 2471 728 2539 eondieionis
743 2489 852 2538 eorum
870 2471 991 2538 honere
1008 2474 1129 2538 exemti
1148 2473 1263 2540 eadem
1280 2473 1490 2558 perfruantur

365 2581 540 2667 libertate,
556 2600 623 2664 qus
638 2581 739 2648 oeteri
764 2581 868 2647 nostri
883 2578 991 2667 Regni
1006 2581 1134 2648 nobiles
1149 2581 1367 2664 gratulantur.
1394 2580 1489 2648 Oete-

363 2709 435 2756 rum
450 2689 616 2773 quandam
632 2695 754 2756 terram
770 2688 877 2774 ipsius
895 2685 1006 2754 Castri
1017 2687 1243 2754 Gumnriensis
1259 2689 1419 2756 Harkaeh
1436 2710 1489 2758 uo·

364 2805 484 2882 estam,
500 2817 596 2883 quam
611 2799 699 2865 idem
714 2798 910 2866 karissimus
927 2805 1023 2882 pater
1047 2805 1158 2865 noster
1182 2799 1321 2885 prefatis
1351 2801 1434 2866 filiis
1450 2800 1491 2865 ll·

364 2907 519 2994 traohyk‚
536 2914 569 2975 et
583 2905 662 2993 filijs
677 2907 810 2990 Kurpas
826 2926 884 2992 pro
905 2903 1056 2991 seruioijs
1072 2926 1183 2974 eorum
1200 2909 1292 2974 iuxta
1318 2911 1492 2976 eontinen-

364 3015 450 3082 eiam
464 3016 649 3101 patentium
664 3015 848 3081 litterarum
865 3032 996 3080 suerum
1023 3015 1177 3101 eontulit,
1209 3016 1333 3084 eisdem
1350 3017 1434 3085 liliis
1452 3017 1493 3080 A·

362 3123 704 3210 damnassemus
720 3121 922 3206 reliquimus,
937 3124 1142 3209 donauimus,
1158 3131 1191 3192 et
1207 3125 1402 3193 contulimus
1421 3147 1493 3213 per-

362 3237 463 3319 petuo
487 3232 733 3318 possidendam.
759 3233 796 3297 In
822 3211 919 3297 enias
938 3230 985 3298 rei
1009 3235 1218 3318 memoriam,
1235 3233 1496 3318 firmitatemque

362 3348 557 3426 perpetuam
566 3347 740 3427 presentes
752 3341 976 3407 eoneessimns
987 3341 1114 3410 litteras
1130 3343 1295 3428 dupplieis
1312 3346 1423 3428 sigilli
1440 3367 1497 3412 no·

363 3445 425 3516 st'ri
450 3451 628 3516 munimine
653 3451 837 3517 roboratas.
866 3449 985 3515 Datum
1010 3469 1070 3536 per
1086 3469 1200 3520 manus
1217 3451 1368 3540 Magistri
1385 3455 1500 3523 Bene-

362 3555 442 3625 dieti
457 3557 619 3626 Budensis
635 3557 785 3624 Eoelesie
801 3557 986 3642 Prepesiti,
1014 3560 1091 3626 aule
1116 3569 1227 3630 nostre
1252 3563 1500 3633 vioe-Genesi·

362 3665 449 3750 larii,
464 3665 576 3733 dileoti
590 3674 623 3733 et
637 3665 746 3732 fidelis
761 3667 874 3748 nostri,
888 3685 973 3733 anno
986 3664 1119 3734 Domini
1133 3671 1228 3737 1274.
1239 3671 1435 3772 Indistione
1448 3695 1498 3742 se·

362 3773 481 3858 eunde,
497 3774 604 3858 pridie
620 3773 782 3841 kalendas
810 3774 1005 3860 FebruariJ'‚
1030 3777 1136 3862 Regni
1151 3786 1261 3845 autem
1277 3783 1387 3848 nostri
1406 3804 1503 3853 anno

363 3880 518 3953 seeundo.
535 3882 776 3970 Metropolitios
799 3883 1037 3969 Strigoniensis
1052 3885 1201 3955 Eoelesie
1217 3891 1306 3958 Sede
1332 3903 1503 3961 papante,

362 3989 617 4058 venerabilibus
630 3993 782 4076 patribus
798 4025 842 4038 -
859 3992 1042 4076 (tolosensi,
1054 3999 1088 4058 et
1115 3995 1266 4064 Johanne
1292 3999 1507 4083 Spalatensi

362 4099 650 4187 Arohiepiseopis3
667 4101 844 4186 Lamperto
861 4101 1029 4186 Agriensi,
1048 4102 1113 4170 Jeb
1126 4104 1508 4197 Quinqneeoelesiensi,

361 4209 487 4277 Briooio
505 4207 740 4294 chanadiansi,
758 4210 910 4296 Philippo
925 4211 1105 4298 Waeiensi,
1119 4217 1196 4282 aule
1209 4216 1340 4283 domine
1357 4215 1510 4308 Regina

361 4317 583 4402 Oaneellario,
600 4325 633 4385 et
648 4320 752 4388 Paulo
769 4319 1026 4405 Wesprimiensi,
1042 4321 1118 4388 aule
1134 4331 1246 4391 nostre
1264 4326 1513 4419 Oenoellario,
1555 4359 1557 4364 ’

361 4427 553 4494 Lodomerio
562 4427 783 4512 Warsdiensi,
792 4426 986 4496 'l'himotheo
996 4430 1221 4517 Zagrabiensi,
1231 4433 1407 4521 Dionysio
1418 4443 1444 4508 J
1448 4463 1513 4510 au·
1556 4517 1557 4522 ,

359 4535 471 4618 riensi,
489 4543 522 4602 et
532 4535 627 4603 Petro
638 4535 887 4620 Transsiluamr,
897 4537 1072 4625 Episoopis
1089 4541 1257 4610 ldeolesies
1268 4542 1332 4609 Dei
1342 4544 1519 4623 feliciter

360 4644 628 4730 gubernantibus.
638 4644 800 4734 Βγοιιίεἰο
810 4644 977 4732 Palatino,
987 4648 1114 4720 canite
1126 4653 1167 4720 de
1178 4650 1308 4740 Oklyeh
1318 4659 1355 4722 et
1375 4658 1520 4734 Judiee
