3116 5166
344 1019 411 1088 III.
442 1013 562 1084 Mittor
587 1015 683 1102 popa
718 1009 819 1099 ridop
847 1008 970 1097 semei
998 1010 1156 1098 pitapdledt
1179 1007 1316 1096 apostoli
1347 1006 1471 1076 teneti
1541 1017 1542 1020 ’

642 1120 734 1190 tows·
748 1117 1053 1208 Mapperorszdpdo.
1071 1119 1169 1185 1273.

459 1245 495 1335 1)
511 1244 542 1314 A
551 1251 646 1338 popa
661 1245 799 1334 mepbied
814 1243 915 1312 kosle.

361 1513 364 1520 ,
452 1446 610 1516 Nioolaus
636 1443 821 1531 Episcopus
847 1461 963 1513 seruos
988 1461 1158 1513 seruorum
1192 1439 1256 1509 Dei
1289 1435 1471 1512 venerabili

350 1552 445 1622 tratri
469 1554 620 1641 Philippo
646 1552 810 1639 Episcopo
834 1551 1009 1637 Firmano,
1025 1552 1217 1637 Apostolioe
1234 1550 1331 1625 Sedis
1346 1550 1470 1632 Legato
1543 1579 1544 1582 ¹

349 1662 488 1731 salutem
513 1669 546 1730 ot
570 1659 797 1745 Apostolioam
824 1656 1096 1727 benedictionem.
1132 1661 1171 1726 Iu
1197 1659 1350 1726 eminenti
1374 1657 1469 1726 Sedis

345 1771 537 1858 Apostoliee
553 1767 699 1857 speoula,
717 1768 915 1858 disponente
931 1767 1082 1854 Domino,
1100 1768 1281 1853 constituti,
1298 1767 1412 1835 domui
1426 1765 1469 1832 ls-

349 1879 420 1947 rael
430 1928 440 1964 ,
457 1876 621 1946 universis
644 1875 803 1945 videlieet
829 1876 1125 1962 curiosissimum
1149 1876 1228 1946 fidei
1253 1875 1356 1943 oeulis
1370 1875 1469 1941 Deum

350 1989 475 2072 vident,
491 1991 650 2072 qnantum
666 1985 762 2054 nobis
778 2006 819 2055 ex
844 1987 913 2054 alto
930 1985 1128 2071 conceditur,
1148 1993 1342 2073 oportunum
1358 2001 1470 2070 speon·

348 2095 464 2166 latoris
489 2093 636 2162 officinm
661 2093 875 2180 impertimur,
892 2099 925 2160 et
942 2112 1015 2162 oum
1034 2093 1221 2178 indulgetur
1236 2113 1257 2160 a
1272 2092 1396 2162 Divina
1412 2091 1470 2157 ale·

351 2203 483 2290 mentia,
500 2208 686 2272 reverenter
702 2200 746 2270 ad
763 2221 818 2268 our
833 2201 936 2269 altum
953 2201 1154 2288 aeoedimus,
1166 2207 1329 2271 utnumen
1344 2197 1472 2268 Domini

353 2312 605 2382 Sauotissimnm
621 2319 689 2382 tarn
704 2314 739 2381 in
755 2314 890 2381 remotis
901 2312 1018 2381 extolli
1028 2313 1186 2400 partibus,
1197 2331 1294 2397 quam
1310 2311 1344 2377 iu
1358 2309 1471 2378 vicinis

353 2423 451 2492 etiam
461 2441 679 2511 procuremus,
692 2427 896 2509 apponentes
907 2442 1039 2492 manum
1055 2429 1169 2490 nostre
1185 2420 1417 2510 possibilitatis
1433 2417 1472 2485 ad

354 2549 498 2620 operam,
516 2549 614 2615 quam
631 2549 804 2619 speramus
820 2531 853 2598 in
870 2530 1011 2600 excelsis
1029 2528 1097 2597 iore
1112 2531 1301 2617 placidam,
1317 2536 1352 2597 et
1366 2529 1399 2598 in
1414 2537 1472 2596 ter-

353 2640 399 2708 ris
416 2639 787 2727 norimnsoportunam.
803 2637 956 2708 Summus
973 2639 1101 2724 quidem
1120 2639 1208 2707 orbis
1224 2637 1337 2727 opifex
1362 2643 1396 2706 et
1408 2635 1473 2704 uni-

355 2765 452 2815 verse
467 2747 615 2816 conditor
631 2754 781 2818 ereature
796 2756 982 2818 terrestrem
991 2746 1135 2837 patriam
1148 2746 1313 2835 disposuit
1327 2748 1389 2815 snb
1404 2765 1474 2835 pro·

355 2853 434 2922 vida
457 2855 655 2924 disoretione
679 2859 884 2944 Regnorum,
912 2875 1019 2942 eaque
1046 2859 1197 2927 oonsulte
1213 2857 1319 2924 voluit
1334 2855 1430 2940 dirigi
1445 2859 1476 2922 et

356 2961 484 3030 salubri
507 2963 667 3049 regimine
693 2964 891 3052 gubernari,
915 2985 957 3033 ne
983 2972 1168 3035 ereaturam
1185 2965 1363 3034 humanam
1378 2961 1475 3052 paulo

356 3069 515 3141 minorem
540 3073 689 3158 augelis,
718 3093 779 3159 que
796 3093 856 3144 sue
872 3074 1028 3144 oreatoris
1044 3074 1233 3162 ymaginem
1249 3079 1283 3144 et
1298 3073 1476 3144 similitudi·

356 3201 432 3250 nem
448 3185 664 3268 representat,
681 3186 906 3268 tempestuosa
921 3179 1135 3251 fluctuatione
1151 3181 1319 3268 mixtaque
1350 3179 1476 3251 ooninu·

357 3287 484 3374 terent,
501 3295 534 3356 et
549 3309 610 3358 sue
625 3288 744 3374 quietis
760 3290 999 3360 beatitudinem
1015 3291 1229 3378 impedirent,
1256 3291 1428 3374 quinimmo
1444 3297 1478 3356 nt

358 3399 506 3469 omnibus
530 3399 591 3468 sub
618 3397 697 3465 iuris
714 3397 949 3466 ethonestatis
965 3397 1082 3485 regula
1097 3397 1260 3480 limitetis,
1276 3399 1396 3486 singuli
1409 3399 1478 3468 vita

358 3505 497 3598 paoifioa
513 3505 662 3574 viverent
677 3513 711 3574 et
726 3505 769 3576 ab
786 3505 921 3576 offensis
938 3507 1131 3578 alterutrum
1142 3506 1358 3595 abstinerent,
1374 3528 1478 3578 snum·

360 3634 424 3701 que
440 3615 601 3686 faetorem
624 3613 746 3684 affeetu
769 3615 915 3684 naturali
940 3623 1196 3704 eognoseerent,
1213 3617 1380 3704 cognitum
1395 3618 1479 3688 tole·

360 3731 434 3793 rent
449 3730 484 3792 et
499 3731 691 3794 reverenter
709 3723 828 3794 Divino
844 3724 983 3812 imperio
1000 3726 1221 3796 subiacerent.
1247 3727 1384 3796 Domum
1403 3743 1480 3795 vero

360 3833 446 3899 idern
469 3839 564 3921 poter
590 3832 769 3904 altissimus
794 3852 837 3901 ex
862 3834 931 3902 alto
957 3833 1165 3923 prospieieus
1189 3833 1363 3924 populum,
1388 3853 1482 3918 quem

363 3947 546 4028 duraverat,
578 3943 802 4030 prothoplasti
818 3942 940 4012 delieto
958 3942 1204 4033 dampnationis
1225 3941 1422 4013 sententiam
1437 3942 1482 4010 in·

361 4048 522 4137 eurrisse,
550 4069 645 4120 suum
671 4051 824 4121 dileotum
851 4053 1059 4140 unigenitum
1074 4051 1332 4123 miserirorditer
1348 4051 1381 4121 in
1395 4071 1483 4119 mnn-

361 4153 437 4225 dum
464 4177 523 4245 pro
539 4157 643 4246 ipsius
658 4161 882 4250 redemptione
911 4161 1025 4250 populi
1053 4161 1245 4249 destinavit,
1272 4162 1329 4248 qui
1355 4179 1486 4230 earnem

361 4269 475 4334 nostre
491 4267 701 4337 mortalitatis
726 4269 871 4358 indutus,
894 4271 1035 4340 eundem
1052 4273 1209 4360 populum
1226 4271 1269 4340 ab
1286 4278 1397 4341 eterno
1414 4289 1484 4340 eru·

362 4372 450 4444 oiatu
474 4376 588 4446 mortis
614 4377 764 4466 eriperet,
791 4386 825 4448 et
849 4379 1055 4468 redemptum
1083 4399 1143 4449 suo
1163 4379 1311 4467 pretioso
1328 4379 1487 4465 sauguine

361 4485 518 4553 salvaret.
545 4487 614 4555 Nos
640 4487 739 4575 igitur
764 4490 799 4558 in
824 4489 890 4560 irae
905 4489 1056 4559 terrestri
1071 4489 1190 4577 patria,
1207 4496 1369 4576 qnatenus
1382 4489 1487 4577 possi·

360 4609 443 4682 mus,
461 4601 662 4684 exequentes
686 4599 777 4670 vioes
802 4597 908 4689 ipsius
917 4649 927 4689 ,
944 4600 1091 4672 levamus
1107 4597 1218 4688 vigilis
1234 4617 1327 4672 mors
1340 4597 1483 4688 pasturis
