<?xml version="1.0" encoding="UTF-8"?>
<!DOCTYPE html PUBLIC "-//W3C//DTD XHTML 1.0 Transitional//EN"
    "http://www.w3.org/TR/xhtml1/DTD/xhtml1-transitional.dtd">
<html xmlns="http://www.w3.org/1999/xhtml" xml:lang="en" lang="en">
 <head>
  <title>
</title>
<meta http-equiv="Content-Type" content="text/html;charset=utf-8" />
  <meta name='ocr-system' content='tesseract 3.04.00' />
  <meta name='ocr-capabilities' content='ocr_page ocr_carea ocr_par ocr_line ocrx_word'/>
</head>
<body>
  <div class='ocr_page' id='page_1' title='image "./codexdiplomatic08wenzgoog_0032.png"; bbox 0 0 3156 5158; ppageno 0'>
   <div class='ocr_carea' id='block_1_1' title="bbox 893 271 913 336">
    <p class='ocr_par' dir='ltr' id='par_1_1' title="bbox 893 271 913 336">
     <span class='ocr_line' id='line_1_1' title="bbox 893 271 913 336; baseline 0 0"><span class='ocrx_word' id='word_1_1' title='bbox 893 271 913 336; x_wconf 80' lang='lat'><strong>2</strong></span> 
     </span>
    </p>
   </div>
   <div class='ocr_carea' id='block_1_2' title="bbox 326 461 1460 2177">
    <p class='ocr_par' dir='ltr' id='par_1_2' title="bbox 341 461 1459 1075">
     <span class='ocr_line' id='line_1_2' title="bbox 343 461 1458 550; baseline 0.006 -22"><span class='ocrx_word' id='word_1_2' title='bbox 343 463 434 530; x_wconf 82' lang='lat' dir='ltr'>venit</span> <span class='ocrx_word' id='word_1_3' title='bbox 450 463 492 528; x_wconf 90' lang='lat' dir='ltr'>ad</span> <span class='ocrx_word' id='word_1_4' title='bbox 509 483 676 549; x_wconf 82' lang='lat' dir='ltr'>egressum</span> <span class='ocrx_word' id='word_1_5' title='bbox 692 461 785 532; x_wconf 84' lang='lat' dir='ltr'>fluvii</span> <span class='ocrx_word' id='word_1_6' title='bbox 800 465 980 550; x_wconf 79' lang='lat' dir='ltr'>Bezlrech5</span> <span class='ocrx_word' id='word_1_7' title='bbox 998 473 1031 532; x_wconf 92' lang='lat' dir='ltr'>et</span> <span class='ocrx_word' id='word_1_8' title='bbox 1047 463 1166 534; x_wconf 89' lang='lat' dir='ltr'>deinde</span> <span class='ocrx_word' id='word_1_9' title='bbox 1180 464 1342 535; x_wconf 80' lang='lat' dir='ltr'>flectendo</span> <span class='ocrx_word' id='word_1_10' title='bbox 1360 469 1458 536; x_wconf 87' lang='lat' dir='ltr'>currit</span> 
     </span>
     <span class='ocr_line' id='line_1_3' title="bbox 342 571 1458 662; baseline 0.003 -21"><span class='ocrx_word' id='word_1_11' title='bbox 342 593 456 642; x_wconf 77' lang='lat' dir='ltr'>versus</span> <span class='ocrx_word' id='word_1_12' title='bbox 472 571 641 641; x_wconf 81' lang='lat' dir='ltr'><strong>meridiem</strong></span> <span class='ocrx_word' id='word_1_13' title='bbox 658 594 716 658; x_wconf 92' lang='lat' dir='ltr'>per</span> <span class='ocrx_word' id='word_1_14' title='bbox 731 573 850 641; x_wconf 89' lang='lat' dir='ltr'>bonnm</span> <span class='ocrx_word' id='word_1_15' title='bbox 868 577 1025 660; x_wconf 76' lang='lat' dir='ltr'>spacium,</span> <span class='ocrx_word' id='word_1_16' title='bbox 1043 577 1085 644; x_wconf 91' lang='lat' dir='ltr'>dc</span> <span class='ocrx_word' id='word_1_17' title='bbox 1103 579 1176 662; x_wconf 85' lang='lat' dir='ltr'>ipso</span> <span class='ocrx_word' id='word_1_18' title='bbox 1201 575 1300 644; x_wconf 87' lang='lat' dir='ltr'>fluvio</span> <span class='ocrx_word' id='word_1_19' title='bbox 1316 577 1401 662; x_wconf 87' lang='lat' dir='ltr'>exit,</span> <span class='ocrx_word' id='word_1_20' title='bbox 1427 585 1458 644; x_wconf 91' lang='lat' dir='ltr'>et</span> 
     </span>
     <span class='ocr_line' id='line_1_4' title="bbox 342 682 1458 772; baseline 0.005 -26"><span class='ocrx_word' id='word_1_21' title='bbox 342 682 433 748; x_wconf 87' lang='lat' dir='ltr'>vadit</span> <span class='ocrx_word' id='word_1_22' title='bbox 447 683 533 750; x_wconf 84' lang='lat' dir='ltr'>vltra</span> <span class='ocrx_word' id='word_1_23' title='bbox 549 684 672 750; x_wconf 85' lang='lat' dir='ltr'>vallem</span> <span class='ocrx_word' id='word_1_24' title='bbox 687 684 791 768; x_wconf 77' lang='lat' dir='ltr'>Horis,</span> <span class='ocrx_word' id='word_1_25' title='bbox 811 683 978 769; x_wconf 83' lang='lat' dir='ltr'>tangendo</span> <span class='ocrx_word' id='word_1_26' title='bbox 1000 686 1131 752; x_wconf 90' lang='lat' dir='ltr'>dumum</span> <span class='ocrx_word' id='word_1_27' title='bbox 1149 687 1320 772; x_wconf 83' lang='lat' dir='ltr'>spinarum</span> <span class='ocrx_word' id='word_1_28' title='bbox 1336 693 1369 753; x_wconf 90' lang='lat' dir='ltr'>ct</span> <span class='ocrx_word' id='word_1_29' title='bbox 1386 707 1458 754; x_wconf 86' lang='lat' dir='ltr'>rer·</span> 
     </span>
     <span class='ocr_line' id='line_1_5' title="bbox 341 789 1458 879; baseline 0.004 -23"><span class='ocrx_word' id='word_1_30' title='bbox 341 789 446 873; x_wconf 85' lang='lat' dir='ltr'>gendo</span> <span class='ocrx_word' id='word_1_31' title='bbox 463 793 584 859; x_wconf 77' lang='lat' dir='ltr'>directe</span> <span class='ocrx_word' id='word_1_32' title='bbox 600 791 809 878; x_wconf 84' lang='lat' dir='ltr'>pervenitad</span> <span class='ocrx_word' id='word_1_33' title='bbox 825 799 890 858; x_wconf 89' lang='lat' dir='ltr'>tres</span> <span class='ocrx_word' id='word_1_34' title='bbox 908 791 1015 860; x_wconf 85' lang='lat' dir='ltr'>fontes</span> <span class='ocrx_word' id='word_1_35' title='bbox 1031 793 1174 879; x_wconf 80' lang='lat' dir='ltr'>lutosos3</span> <span class='ocrx_word' id='word_1_36' title='bbox 1201 800 1232 860; x_wconf 89' lang='lat' dir='ltr'>et</span> <span class='ocrx_word' id='word_1_37' title='bbox 1257 793 1379 860; x_wconf 88' lang='lat' dir='ltr'>abhinc</span> <span class='ocrx_word' id='word_1_38' title='bbox 1403 794 1458 860; x_wconf 90' lang='lat' dir='ltr'>de-</span> 
     </span>
     <span class='ocr_line' id='line_1_6' title="bbox 341 897 1459 986; baseline 0.002 -22"><span class='ocrx_word' id='word_1_39' title='bbox 341 897 467 964; x_wconf 85' lang='lat' dir='ltr'>scendit</span> <span class='ocrx_word' id='word_1_40' title='bbox 483 900 528 966; x_wconf 84' lang='lat' dir='ltr'>ad</span> <span class='ocrx_word' id='word_1_41' title='bbox 548 899 687 966; x_wconf 73' lang='lat' dir='ltr'>rioldum</span> <span class='ocrx_word' id='word_1_42' title='bbox 705 897 830 982; x_wconf 74' lang='lat' dir='ltr'>(ibent,</span> <span class='ocrx_word' id='word_1_43' title='bbox 850 909 882 965; x_wconf 86' lang='lat' dir='ltr'>ct</span> <span class='ocrx_word' id='word_1_44' title='bbox 899 898 1049 984; x_wconf 86' lang='lat' dir='ltr'>pervenit</span> <span class='ocrx_word' id='word_1_45' title='bbox 1066 901 1109 968; x_wconf 81' lang='lat' dir='ltr'>ed</span> <span class='ocrx_word' id='word_1_46' title='bbox 1124 901 1265 986; x_wconf 83' lang='lat' dir='ltr'><strong>primam</strong></span> <span class='ocrx_word' id='word_1_47' title='bbox 1282 909 1403 970; x_wconf 84' lang='lat' dir='ltr'>metam</span> <span class='ocrx_word' id='word_1_48' title='bbox 1427 908 1459 968; x_wconf 92' lang='lat' dir='ltr'>et</span> 
     </span>
     <span class='ocr_line' id='line_1_7' title="bbox 341 1007 613 1075; baseline 0.004 -3"><span class='ocrx_word' id='word_1_49' title='bbox 341 1007 387 1073; x_wconf 92' lang='lat' dir='ltr'>ibi</span> <span class='ocrx_word' id='word_1_50' title='bbox 410 1007 613 1075; x_wconf 84' lang='lat' dir='ltr'>terminatur.</span> 
     </span>
    </p>

    <p class='ocr_par' dir='ltr' id='par_1_3' title="bbox 326 1114 1460 2177">
     <span class='ocr_line' id='line_1_8' title="bbox 445 1114 1457 1206; baseline 0.005 -27"><span class='ocrx_word' id='word_1_51' title='bbox 445 1114 538 1182; x_wconf 82' lang='lat' dir='ltr'>Vnde</span> <span class='ocrx_word' id='word_1_52' title='bbox 554 1136 614 1184; x_wconf 93' lang='lat' dir='ltr'>nos</span> <span class='ocrx_word' id='word_1_53' title='bbox 631 1116 876 1183; x_wconf 79' lang='lat' dir='ltr'>considerantes</span> <span class='ocrx_word' id='word_1_54' title='bbox 893 1116 1004 1185; x_wconf 86' lang='lat' dir='ltr'>tidelia</span> <span class='ocrx_word' id='word_1_55' title='bbox 1022 1119 1164 1186; x_wconf 85' lang='lat' dir='ltr'>servicia</span> <span class='ocrx_word' id='word_1_56' title='bbox 1180 1117 1326 1186; x_wconf 89' lang='lat' dir='ltr'>eiusdem</span> <span class='ocrx_word' id='word_1_57' title='bbox 1352 1118 1457 1206; x_wconf 84' lang='lat' dir='ltr'>Hocy·</span> 
     </span>
     <span class='ocr_line' id='line_1_9' title="bbox 340 1223 1457 1311; baseline 0.003 -22"><span class='ocrx_word' id='word_1_58' title='bbox 340 1243 418 1308; x_wconf 89' lang='lat' dir='ltr'>mer,</span> <span class='ocrx_word' id='word_1_59' title='bbox 435 1244 497 1307; x_wconf 89' lang='lat' dir='ltr'>que</span> <span class='ocrx_word' id='word_1_60' title='bbox 514 1225 607 1290; x_wconf 84' lang='lat' dir='ltr'>nobie</span> <span class='ocrx_word' id='word_1_61' title='bbox 623 1223 782 1308; x_wconf 86' lang='lat' dir='ltr'>impendit</span> <span class='ocrx_word' id='word_1_62' title='bbox 798 1231 831 1290; x_wconf 92' lang='lat' dir='ltr'>et</span> <span class='ocrx_word' id='word_1_63' title='bbox 847 1225 1037 1310; x_wconf 86' lang='lat' dir='ltr'>impendere</span> <span class='ocrx_word' id='word_1_64' title='bbox 1058 1226 1222 1310; x_wconf 89' lang='lat' dir='ltr'>promittit</span> <span class='ocrx_word' id='word_1_65' title='bbox 1247 1227 1280 1294; x_wconf 94' lang='lat' dir='ltr'>in</span> <span class='ocrx_word' id='word_1_66' title='bbox 1308 1227 1457 1311; x_wconf 85' lang='lat' dir='ltr'>futurum,</span> 
     </span>
     <span class='ocr_line' id='line_1_10' title="bbox 339 1329 1455 1420; baseline 0.003 -22"><span class='ocrx_word' id='word_1_67' title='bbox 339 1332 519 1419; x_wconf 82' lang='lat' dir='ltr'>predictam</span> <span class='ocrx_word' id='word_1_68' title='bbox 537 1340 657 1400; x_wconf 87' lang='lat' dir='ltr'>terram</span> <span class='ocrx_word' id='word_1_69' title='bbox 673 1333 858 1420; x_wconf 86' lang='lat' dir='ltr'>Rerissnye</span> <span class='ocrx_word' id='word_1_70' title='bbox 875 1329 937 1400; x_wconf 81' lang='lat' dir='ltr'>sub</span> <span class='ocrx_word' id='word_1_71' title='bbox 953 1335 1111 1420; x_wconf 82' lang='lat' dir='ltr'>predictis</span> <span class='ocrx_word' id='word_1_72' title='bbox 1129 1337 1223 1402; x_wconf 80' lang='lat' dir='ltr'>uictis</span> <span class='ocrx_word' id='word_1_73' title='bbox 1249 1343 1283 1402; x_wconf 87' lang='lat' dir='ltr'>et</span> <span class='ocrx_word' id='word_1_74' title='bbox 1309 1336 1455 1403; x_wconf 88' lang='lat' dir='ltr'>terminis</span> 
     </span>
     <span class='ocr_line' id='line_1_11' title="bbox 339 1442 1460 1528; baseline 0 -20"><span class='ocrx_word' id='word_1_75' title='bbox 339 1442 505 1528; x_wconf 89' lang='lat' dir='ltr'>dedimus,</span> <span class='ocrx_word' id='word_1_76' title='bbox 523 1443 717 1508; x_wconf 87' lang='lat' dir='ltr'>contulimus</span> <span class='ocrx_word' id='word_1_77' title='bbox 735 1449 767 1508; x_wconf 86' lang='lat' dir='ltr'>ct</span> <span class='ocrx_word' id='word_1_78' title='bbox 783 1443 976 1509; x_wconf 79' lang='lat' dir='ltr'>donauimus</span> <span class='ocrx_word' id='word_1_79' title='bbox 996 1443 1192 1528; x_wconf 87' lang='lat' dir='ltr'>supradicto</span> <span class='ocrx_word' id='word_1_80' title='bbox 1208 1443 1394 1527; x_wconf 84' lang='lat' dir='ltr'>Hocymero</span> <span class='ocrx_word' id='word_1_81' title='bbox 1404 1494 1413 1528; x_wconf 92' lang='lat'><em>,</em></span> <span class='ocrx_word' id='word_1_82' title='bbox 1430 1451 1460 1508; x_wconf 90' lang='lat' dir='ltr'>et</span> 
     </span>
     <span class='ocr_line' id='line_1_12' title="bbox 326 1549 1458 1638; baseline 0.001 -23"><span class='ocrx_word' id='word_1_83' title='bbox 326 1555 400 1634; x_wconf 86' lang='lat' dir='ltr'>&#39;pcr</span> <span class='ocrx_word' id='word_1_84' title='bbox 416 1569 486 1617; x_wconf 89' lang='lat' dir='ltr'>eum</span> <span class='ocrx_word' id='word_1_85' title='bbox 504 1551 570 1617; x_wconf 89' lang='lat' dir='ltr'>suis</span> <span class='ocrx_word' id='word_1_86' title='bbox 587 1549 778 1632; x_wconf 81' lang='lat' dir='ltr'>heredibus,</span> <span class='ocrx_word' id='word_1_87' title='bbox 796 1549 1017 1634; x_wconf 88' lang='lat' dir='ltr'>heredumque</span> <span class='ocrx_word' id='word_1_88' title='bbox 1044 1571 1200 1638; x_wconf 87' lang='lat' dir='ltr'>suorum,</span> <span class='ocrx_word' id='word_1_89' title='bbox 1216 1552 1458 1618; x_wconf 86' lang='lat' dir='ltr'>successoribus</span> 
     </span>
     <span class='ocr_line' id='line_1_13' title="bbox 338 1657 1458 1745; baseline 0.002 -21"><span class='ocrx_word' id='word_1_90' title='bbox 338 1665 496 1744; x_wconf 88' lang='lat' dir='ltr'>perpetuo</span> <span class='ocrx_word' id='word_1_91' title='bbox 513 1667 545 1724; x_wconf 90' lang='lat' dir='ltr'>et</span> <span class='ocrx_word' id='word_1_92' title='bbox 563 1658 821 1726; x_wconf 80' lang='lat' dir='ltr'>irrevocabiliter</span> <span class='ocrx_word' id='word_1_93' title='bbox 837 1658 1076 1745; x_wconf 85' lang='lat' dir='ltr'>possidendum.</span> <span class='ocrx_word' id='word_1_94' title='bbox 1102 1657 1146 1725; x_wconf 89' lang='lat' dir='ltr'>Vt</span> <span class='ocrx_word' id='word_1_95' title='bbox 1163 1659 1261 1745; x_wconf 84' lang='lat' dir='ltr'>igitur</span> <span class='ocrx_word' id='word_1_96' title='bbox 1277 1667 1388 1727; x_wconf 89' lang='lat' dir='ltr'>nostre</span> <span class='ocrx_word' id='word_1_97' title='bbox 1403 1659 1458 1726; x_wconf 91' lang='lat' dir='ltr'>do·</span> 
     </span>
     <span class='ocr_line' id='line_1_14' title="bbox 339 1765 1459 1855; baseline 0.004 -25"><span class='ocrx_word' id='word_1_98' title='bbox 339 1768 487 1835; x_wconf 80' lang='lat' dir='ltr'>nacionis</span> <span class='ocrx_word' id='word_1_99' title='bbox 504 1765 605 1835; x_wconf 89' lang='lat' dir='ltr'>series</span> <span class='ocrx_word' id='word_1_100' title='bbox 625 1768 723 1834; x_wconf 90' lang='lat' dir='ltr'>robur</span> <span class='ocrx_word' id='word_1_101' title='bbox 738 1773 894 1855; x_wconf 84' lang='lat' dir='ltr'>perpetue</span> <span class='ocrx_word' id='word_1_102' title='bbox 914 1768 1077 1834; x_wconf 88' lang='lat' dir='ltr'>firmitatis</span> <span class='ocrx_word' id='word_1_103' title='bbox 1095 1767 1256 1854; x_wconf 88' lang='lat' dir='ltr'>obtineat,</span> <span class='ocrx_word' id='word_1_104' title='bbox 1274 1767 1308 1834; x_wconf 92' lang='lat' dir='ltr'>in</span> <span class='ocrx_word' id='word_1_105' title='bbox 1325 1769 1397 1834; x_wconf 89' lang='lat' dir='ltr'>eius</span> <span class='ocrx_word' id='word_1_106' title='bbox 1413 1769 1459 1834; x_wconf 89' lang='lat' dir='ltr'>rei</span> 
     </span>
     <span class='ocr_line' id='line_1_15' title="bbox 339 1874 1457 1962; baseline -0.001 -20"><span class='ocrx_word' id='word_1_107' title='bbox 339 1875 565 1942; x_wconf 89' lang='lat' dir='ltr'>documentum</span> <span class='ocrx_word' id='word_1_108' title='bbox 582 1882 755 1962; x_wconf 84' lang='lat' dir='ltr'>presentes</span> <span class='ocrx_word' id='word_1_109' title='bbox 772 1874 877 1942; x_wconf 92' lang='lat' dir='ltr'>eidem</span> <span class='ocrx_word' id='word_1_110' title='bbox 894 1875 1059 1962; x_wconf 84' lang='lat' dir='ltr'>Hocymer</span> <span class='ocrx_word' id='word_1_111' title='bbox 1088 1877 1308 1944; x_wconf 85' lang='lat' dir='ltr'>concessimus</span> <span class='ocrx_word' id='word_1_112' title='bbox 1334 1876 1457 1960; x_wconf 85' lang='lat' dir='ltr'>literas,</span> 
     </span>
     <span class='ocr_line' id='line_1_16' title="bbox 338 1981 1458 2069; baseline 0.001 -19"><span class='ocrx_word' id='word_1_113' title='bbox 338 1983 440 2069; x_wconf 72' lang='lat' dir='ltr'>sigilli</span> <span class='ocrx_word' id='word_1_114' title='bbox 455 1985 558 2051; x_wconf 87' lang='lat' dir='ltr'>nostri</span> <span class='ocrx_word' id='word_1_115' title='bbox 575 1983 716 2068; x_wconf 88' lang='lat' dir='ltr'>duplicis</span> <span class='ocrx_word' id='word_1_116' title='bbox 733 1981 909 2049; x_wconf 85' lang='lat' dir='ltr'>munimine</span> <span class='ocrx_word' id='word_1_117' title='bbox 926 1982 1119 2050; x_wconf 83' lang='lat' dir='ltr'>roborando.</span> <span class='ocrx_word' id='word_1_118' title='bbox 1132 1983 1251 2050; x_wconf 86' lang='lat' dir='ltr'>Datum</span> <span class='ocrx_word' id='word_1_119' title='bbox 1268 2003 1458 2068; x_wconf 80' lang='lat' dir='ltr'>permanes</span> 
     </span>
     <span class='ocr_line' id='line_1_17' title="bbox 338 2089 1458 2177; baseline -0.001 -20"><span class='ocrx_word' id='word_1_120' title='bbox 338 2091 486 2176; x_wconf 84' lang='lat' dir='ltr'>magistri</span> <span class='ocrx_word' id='word_1_121' title='bbox 502 2091 633 2156; x_wconf 84' lang='lat' dir='ltr'>Nicolai</span> <span class='ocrx_word' id='word_1_122' title='bbox 642 2141 651 2174; x_wconf 88' lang='lat'><em>‚</em></span> <span class='ocrx_word' id='word_1_123' title='bbox 668 2089 821 2157; x_wconf 85' lang='lat' dir='ltr'>Albensis</span> <span class='ocrx_word' id='word_1_124' title='bbox 838 2089 989 2158; x_wconf 80' lang='lat' dir='ltr'>Ecclesio</span> <span class='ocrx_word' id='word_1_125' title='bbox 1009 2091 1322 2177; x_wconf 81' lang='lat' dir='ltr'>Transylraniensis</span> <span class='ocrx_word' id='word_1_126' title='bbox 1340 2093 1458 2177; x_wconf 92' lang='lat' dir='ltr'>Prepo-</span> 
     </span>
    </p>
   </div>
   <div class='ocr_carea' id='block_1_3' title="bbox 338 2197 1563 2283">
    <p class='ocr_par' dir='ltr' id='par_1_4' title="bbox 338 2197 1563 2283">
     <span class='ocr_line' id='line_1_18' title="bbox 338 2197 1563 2283; baseline -0.003 -17"><span class='ocrx_word' id='word_1_127' title='bbox 338 2200 405 2277; x_wconf 87' lang='lat' dir='ltr'>siti,</span> <span class='ocrx_word' id='word_1_128' title='bbox 421 2199 495 2266; x_wconf 87' lang='lat' dir='ltr'>aule</span> <span class='ocrx_word' id='word_1_129' title='bbox 510 2205 623 2266; x_wconf 90' lang='lat' dir='ltr'>nostre</span> <span class='ocrx_word' id='word_1_130' title='bbox 639 2197 950 2283; x_wconf 65' lang='lat' dir='ltr'>vicecancellarii,</span> <span class='ocrx_word' id='word_1_131' title='bbox 967 2197 1079 2266; x_wconf 87' lang='lat' dir='ltr'>dilecti</span> <span class='ocrx_word' id='word_1_132' title='bbox 1089 2197 1360 2283; x_wconf 86' lang='lat' dir='ltr'>etfidelisnostri,</span> <span class='ocrx_word' id='word_1_133' title='bbox 1374 2217 1458 2266; x_wconf 86' lang='lat' dir='ltr'>anno</span> <span class='ocrx_word' id='word_1_134' title='bbox 1562 2221 1563 2224; x_wconf 42' lang='lat'>¹</span> 
     </span>
    </p>
   </div>
   <div class='ocr_carea' id='block_1_4' title="bbox 338 2306 1459 2393">
    <p class='ocr_par' dir='ltr' id='par_1_5' title="bbox 338 2306 1459 2393">
     <span class='ocr_line' id='line_1_19' title="bbox 338 2306 1459 2393; baseline -0.002 -19"><span class='ocrx_word' id='word_1_135' title='bbox 338 2307 469 2374; x_wconf 90' lang='lat' dir='ltr'>Domini</span> <span class='ocrx_word' id='word_1_136' title='bbox 484 2307 534 2373; x_wconf 74' lang='grc' dir='ltr'>Μο</span> <span class='ocrx_word' id='word_1_137' title='bbox 550 2307 620 2374; x_wconf 76' lang='lat'>00⁰</span> <span class='ocrx_word' id='word_1_138' title='bbox 637 2308 882 2392; x_wconf 84' lang='lat' dir='ltr'>septuagesimo</span> <span class='ocrx_word' id='word_1_139' title='bbox 909 2306 1062 2390; x_wconf 89' lang='lat' dir='ltr'>secundo,</span> <span class='ocrx_word' id='word_1_140' title='bbox 1087 2309 1195 2393; x_wconf 87' lang='lat' dir='ltr'>Regni</span> <span class='ocrx_word' id='word_1_141' title='bbox 1221 2316 1331 2375; x_wconf 85' lang='lat' dir='ltr'>autern</span> <span class='ocrx_word' id='word_1_142' title='bbox 1356 2307 1459 2372; x_wconf 87' lang='lat' dir='ltr'>nostri</span> 
     </span>
    </p>
   </div>
   <div class='ocr_carea' id='block_1_5' title="bbox 338 2413 1563 2502">
    <p class='ocr_par' dir='ltr' id='par_1_6' title="bbox 338 2413 1563 2502">
     <span class='ocr_line' id='line_1_20' title="bbox 338 2413 1563 2502; baseline -0.007 -19"><span class='ocrx_word' id='word_1_143' title='bbox 338 2435 424 2483; x_wconf 88' lang='lat' dir='ltr'>anno</span> <span class='ocrx_word' id='word_1_144' title='bbox 441 2415 556 2502; x_wconf 88' lang='lat' dir='ltr'>primo.</span> <span class='ocrx_word' id='word_1_145' title='bbox 575 2413 829 2482; x_wconf 80' lang='lat' dir='ltr'>venerabilibus</span> <span class='ocrx_word' id='word_1_146' title='bbox 855 2413 1008 2502; x_wconf 90' lang='lat' dir='ltr'>Philippo</span> <span class='ocrx_word' id='word_1_147' title='bbox 1034 2416 1275 2501; x_wconf 74' lang='lat' dir='ltr'>strigoniensi,</span> <span class='ocrx_word' id='word_1_148' title='bbox 1300 2420 1458 2500; x_wconf 86' lang='lat' dir='ltr'>perpetuo</span> <span class='ocrx_word' id='word_1_149' title='bbox 1562 2419 1563 2474; x_wconf 83' lang='lat' dir='ltr'>l</span> 
     </span>
    </p>
   </div>
   <div class='ocr_carea' id='block_1_6' title="bbox 337 2522 1458 2830">
    <p class='ocr_par' dir='ltr' id='par_1_7' title="bbox 337 2522 1458 2830">
     <span class='ocr_line' id='line_1_21' title="bbox 338 2522 1458 2609; baseline -0.005 -15"><span class='ocrx_word' id='word_1_150' title='bbox 338 2525 464 2594; x_wconf 81' lang='lat' dir='ltr'>Oomite</span> <span class='ocrx_word' id='word_1_151' title='bbox 482 2523 628 2590; x_wconf 90' lang='lat' dir='ltr'>eiusdem</span> <span class='ocrx_word' id='word_1_152' title='bbox 645 2524 729 2604; x_wconf 79' lang='lat' dir='ltr'>loci,</span> <span class='ocrx_word' id='word_1_153' title='bbox 748 2522 914 2609; x_wconf 84' lang='lat' dir='ltr'>Stephano</span> <span class='ocrx_word' id='word_1_154' title='bbox 931 2524 1107 2591; x_wconf 72' lang='lat' dir='ltr'>colocensi</span> <span class='ocrx_word' id='word_1_155' title='bbox 1144 2529 1178 2589; x_wconf 92' lang='lat' dir='ltr'>et</span> <span class='ocrx_word' id='word_1_156' title='bbox 1198 2523 1349 2590; x_wconf 88' lang='lat' dir='ltr'>Johenne</span> <span class='ocrx_word' id='word_1_157' title='bbox 1375 2523 1458 2608; x_wconf 83' lang='lat' dir='ltr'>Spa·</span> 
     </span>
     <span class='ocr_line' id='line_1_22' title="bbox 337 2629 1457 2717; baseline -0.004 -17"><span class='ocrx_word' id='word_1_158' title='bbox 337 2634 456 2701; x_wconf 87' lang='lat' dir='ltr'>latensi</span> <span class='ocrx_word' id='word_1_159' title='bbox 472 2632 758 2717; x_wconf 85' lang='lat' dir='ltr'>Archiepiscopis;</span> <span class='ocrx_word' id='word_1_160' title='bbox 777 2631 950 2717; x_wconf 87' lang='lat' dir='ltr'>Lamperto</span> <span class='ocrx_word' id='word_1_161' title='bbox 967 2629 1133 2717; x_wconf 83' lang='lat' dir='ltr'>Agriensi,</span> <span class='ocrx_word' id='word_1_162' title='bbox 1150 2633 1215 2698; x_wconf 89' lang='lat' dir='ltr'>Job</span> <span class='ocrx_word' id='word_1_163' title='bbox 1233 2629 1457 2714; x_wconf 78' lang='lat' dir='ltr'>Quinque-Ec-</span> 
     </span>
     <span class='ocr_line' id='line_1_23' title="bbox 338 2737 1458 2830; baseline -0.006 -20"><span class='ocrx_word' id='word_1_164' title='bbox 338 2743 501 2830; x_wconf 87' lang='lat' dir='ltr'>clesiensi‚</span> <span class='ocrx_word' id='word_1_165' title='bbox 517 2743 641 2810; x_wconf 83' lang='lat' dir='ltr'>(iomite</span> <span class='ocrx_word' id='word_1_166' title='bbox 657 2741 880 2824; x_wconf 87' lang='lat' dir='ltr'>Musunicusi,</span> <span class='ocrx_word' id='word_1_167' title='bbox 898 2741 1025 2806; x_wconf 90' lang='lat' dir='ltr'>Briccio</span> <span class='ocrx_word' id='word_1_168' title='bbox 1043 2737 1266 2807; x_wconf 81' lang='lat' dir='ltr'>Oheuadiensi</span> <span class='ocrx_word' id='word_1_169' title='bbox 1276 2790 1284 2824; x_wconf 90' lang='lat'><em>,</em></span> <span class='ocrx_word' id='word_1_170' title='bbox 1304 2740 1458 2825; x_wconf 88' lang='lat' dir='ltr'>Phiiippo</span> 
     </span>
    </p>
   </div>
   <div class='ocr_carea' id='block_1_7' title="bbox 337 2849 1563 3478">
    <p class='ocr_par' dir='ltr' id='par_1_8' title="bbox 337 2849 1563 3478">
     <span class='ocr_line' id='line_1_24' title="bbox 338 2849 1563 2938; baseline -0.004 -22"><span class='ocrx_word' id='word_1_171' title='bbox 338 2852 489 2920; x_wconf 74' lang='lat' dir='ltr'>vaciensi</span> <span class='ocrx_word' id='word_1_172' title='bbox 498 2901 508 2938; x_wconf 91' lang='lat'><strong><em>,</em></strong></span> <span class='ocrx_word' id='word_1_173' title='bbox 526 2851 600 2916; x_wconf 84' lang='lat' dir='ltr'>aule</span> <span class='ocrx_word' id='word_1_174' title='bbox 617 2849 810 2918; x_wconf 81' lang='lat' dir='ltr'>charissime</span> <span class='ocrx_word' id='word_1_175' title='bbox 826 2849 942 2915; x_wconf 83' lang='lat' dir='ltr'>matris</span> <span class='ocrx_word' id='word_1_176' title='bbox 968 2859 1079 2918; x_wconf 89' lang='lat' dir='ltr'>nostre</span> <span class='ocrx_word' id='word_1_177' title='bbox 1107 2849 1335 2932; x_wconf 73' lang='lat' dir='ltr'>cancellario,</span> <span class='ocrx_word' id='word_1_178' title='bbox 1353 2849 1457 2915; x_wconf 87' lang='lat' dir='ltr'>Paulo</span> <span class='ocrx_word' id='word_1_179' title='bbox 1562 2927 1563 2930; x_wconf 8' lang='grc' dir='ltr'><strong>Ἴ</strong></span> 
     </span>
     <span class='ocr_line' id='line_1_25' title="bbox 337 2955 1563 3046; baseline -0.006 -21"><span class='ocrx_word' id='word_1_180' title='bbox 337 2959 573 3046; x_wconf 80' lang='lat' dir='ltr'>vesprimiensi</span> <span class='ocrx_word' id='word_1_181' title='bbox 589 2959 664 3027; x_wconf 90' lang='lat' dir='ltr'>aule</span> <span class='ocrx_word' id='word_1_182' title='bbox 680 2965 790 3027; x_wconf 91' lang='lat' dir='ltr'>nostre</span> <span class='ocrx_word' id='word_1_183' title='bbox 806 2957 1021 3038; x_wconf 78' lang='lat' dir='ltr'>cancellario,</span> <span class='ocrx_word' id='word_1_184' title='bbox 1037 2957 1212 3026; x_wconf 81' lang='lat' dir='ltr'>Timotheo</span> <span class='ocrx_word' id='word_1_185' title='bbox 1229 2955 1457 3042; x_wconf 83' lang='lat' dir='ltr'>Zagrabiensi,</span> <span class='ocrx_word' id='word_1_186' title='bbox 1562 2955 1563 2962; x_wconf 77' lang='grc'>’</span> 
     </span>
     <span class='ocr_line' id='line_1_26' title="bbox 337 3063 1563 3154; baseline -0.005 -20"><span class='ocrx_word' id='word_1_187' title='bbox 337 3067 529 3135; x_wconf 90' lang='lat' dir='ltr'>Lodomerio</span> <span class='ocrx_word' id='word_1_188' title='bbox 546 3063 752 3149; x_wconf 87' lang='lat' dir='ltr'>Varadicnsi,</span> <span class='ocrx_word' id='word_1_189' title='bbox 769 3065 928 3152; x_wconf 63' lang='lat' dir='ltr'>Dronisio</span> <span class='ocrx_word' id='word_1_190' title='bbox 944 3067 1120 3152; x_wconf 78' lang='lat' dir='ltr'>lauriensi,</span> <span class='ocrx_word' id='word_1_191' title='bbox 1137 3073 1170 3134; x_wconf 88' lang='lat' dir='ltr'>et</span> <span class='ocrx_word' id='word_1_192' title='bbox 1188 3066 1264 3134; x_wconf 84' lang='lat' dir='ltr'>aliis</span> <span class='ocrx_word' id='word_1_193' title='bbox 1283 3065 1457 3151; x_wconf 82' lang='lat' dir='ltr'>Episcopis</span> <span class='ocrx_word' id='word_1_194' title='bbox 1562 3097 1563 3154; x_wconf 77' lang='lat' dir='ltr'>l</span> 
     </span>
     <span class='ocr_line' id='line_1_27' title="bbox 338 3174 1457 3260; baseline -0.002 -18"><span class='ocrx_word' id='word_1_195' title='bbox 338 3176 507 3243; x_wconf 79' lang='lat' dir='ltr'>Ecclesias</span> <span class='ocrx_word' id='word_1_196' title='bbox 526 3175 588 3240; x_wconf 89' lang='lat' dir='ltr'>Dei</span> <span class='ocrx_word' id='word_1_197' title='bbox 615 3175 755 3241; x_wconf 80' lang='lat' dir='ltr'>feliciter</span> <span class='ocrx_word' id='word_1_198' title='bbox 784 3174 1060 3260; x_wconf 76' lang='lat' dir='ltr'>gubernantibus5</span> <span class='ocrx_word' id='word_1_199' title='bbox 1087 3175 1268 3242; x_wconf 90' lang='lat' dir='ltr'>Laurencio</span> <span class='ocrx_word' id='word_1_200' title='bbox 1292 3174 1457 3255; x_wconf 86' lang='lat' dir='ltr'>Palatino,</span> 
     </span>
     <span class='ocr_line' id='line_1_28' title="bbox 337 3283 1563 3369; baseline -0.004 -17"><span class='ocrx_word' id='word_1_201' title='bbox 337 3285 462 3352; x_wconf 82' lang='lat' dir='ltr'>Comite</span> <span class='ocrx_word' id='word_1_202' title='bbox 479 3284 708 3369; x_wconf 79' lang='lat' dir='ltr'>supruniensi,</span> <span class='ocrx_word' id='word_1_203' title='bbox 723 3284 892 3352; x_wconf 83' lang='lat' dir='ltr'>Joachimo</span> <span class='ocrx_word' id='word_1_204' title='bbox 908 3285 1000 3353; x_wconf 83' lang='lat' dir='ltr'>Burro</span> <span class='ocrx_word' id='word_1_205' title='bbox 1017 3284 1127 3353; x_wconf 89' lang='lat' dir='ltr'>tocius</span> <span class='ocrx_word' id='word_1_206' title='bbox 1145 3283 1323 3351; x_wconf 83' lang='lat' dir='ltr'>Sclaronie</span> <span class='ocrx_word' id='word_1_207' title='bbox 1333 3335 1340 3367; x_wconf 87' lang='lat'>‚</span> <span class='ocrx_word' id='word_1_208' title='bbox 1357 3283 1455 3349; x_wconf 88' lang='lat' dir='ltr'>Nico·</span> <span class='ocrx_word' id='word_1_209' title='bbox 1562 3297 1563 3316; x_wconf 64' lang='lat'>¹</span> 
     </span>
     <span class='ocr_line' id='line_1_29' title="bbox 338 3391 1459 3478; baseline -0.004 -21"><span class='ocrx_word' id='word_1_210' title='bbox 338 3393 392 3458; x_wconf 87' lang='lat' dir='ltr'>lao</span> <span class='ocrx_word' id='word_1_211' title='bbox 409 3391 562 3478; x_wconf 86' lang='lat' dir='ltr'>Vajuoda</span> <span class='ocrx_word' id='word_1_212' title='bbox 578 3393 807 3477; x_wconf 80' lang='lat' dir='ltr'>Transilrano,</span> <span class='ocrx_word' id='word_1_213' title='bbox 826 3392 951 3459; x_wconf 73' lang='lat' dir='ltr'>comite</span> <span class='ocrx_word' id='word_1_214' title='bbox 965 3395 1006 3460; x_wconf 87' lang='lat' dir='ltr'>de</span> <span class='ocrx_word' id='word_1_215' title='bbox 1022 3393 1149 3474; x_wconf 88' lang='lat' dir='ltr'>Zonuk‚</span> <span class='ocrx_word' id='word_1_216' title='bbox 1161 3393 1321 3460; x_wconf 87' lang='lat' dir='ltr'>Ladislao</span> <span class='ocrx_word' id='word_1_217' title='bbox 1332 3391 1459 3460; x_wconf 74' lang='lat' dir='ltr'>comite</span> 
     </span>
    </p>
   </div>
   <div class='ocr_carea' id='block_1_8' title="bbox 337 3498 1563 3588">
    <p class='ocr_par' dir='ltr' id='par_1_9' title="bbox 337 3498 1563 3588">
     <span class='ocr_line' id='line_1_30' title="bbox 337 3498 1563 3588; baseline -0.002 -22"><span class='ocrx_word' id='word_1_218' title='bbox 337 3501 545 3580; x_wconf 85' lang='lat' dir='ltr'>Posouiensi,</span> <span class='ocrx_word' id='word_1_219' title='bbox 563 3501 673 3588; x_wconf 82' lang='lat' dir='ltr'>Erney</span> <span class='ocrx_word' id='word_1_220' title='bbox 689 3502 848 3588; x_wconf 83' lang='lat' dir='ltr'>Magistro</span> <span class='ocrx_word' id='word_1_221' title='bbox 864 3501 1141 3587; x_wconf 79' lang='lat' dir='ltr'>Tauernicorum,</span> <span class='ocrx_word' id='word_1_222' title='bbox 1159 3501 1285 3568; x_wconf 81' lang='lat' dir='ltr'>Comite</span> <span class='ocrx_word' id='word_1_223' title='bbox 1301 3498 1458 3568; x_wconf 84' lang='lat' dir='ltr'>Varcsdi·</span> <span class='ocrx_word' id='word_1_224' title='bbox 1562 3537 1563 3542; x_wconf 21' lang='grc' dir='ltr'><strong>κ</strong></span> 
     </span>
    </p>
   </div>
   <div class='ocr_carea' id='block_1_9' title="bbox 294 3607 1459 3698">
    <p class='ocr_par' dir='ltr' id='par_1_10' title="bbox 294 3607 1459 3698">
     <span class='ocr_line' id='line_1_31' title="bbox 294 3607 1459 3698; baseline -0.003 -23"><span class='ocrx_word' id='word_1_225' title='bbox 294 3669 296 3675; x_wconf 93' lang='grc'>.</span> <span class='ocrx_word' id='word_1_226' title='bbox 336 3611 417 3696; x_wconf 82' lang='lat' dir='ltr'>ensi,</span> <span class='ocrx_word' id='word_1_227' title='bbox 433 3610 622 3677; x_wconf 82' lang='lat' dir='ltr'>Alexandro</span> <span class='ocrx_word' id='word_1_228' title='bbox 638 3612 751 3698; x_wconf 84' lang='lat' dir='ltr'>Bono,</span> <span class='ocrx_word' id='word_1_229' title='bbox 768 3611 885 3681; x_wconf 87' lang='lat' dir='ltr'>Judice</span> <span class='ocrx_word' id='word_1_230' title='bbox 903 3613 1001 3681; x_wconf 83' lang='lat' dir='ltr'>(iuris</span> <span class='ocrx_word' id='word_1_231' title='bbox 1015 3621 1127 3678; x_wconf 88' lang='lat' dir='ltr'>nostro</span> <span class='ocrx_word' id='word_1_232' title='bbox 1137 3662 1147 3697; x_wconf 89' lang='lat'>‚</span> <span class='ocrx_word' id='word_1_233' title='bbox 1163 3610 1314 3678; x_wconf 79' lang='lat' dir='ltr'>Emerico</span> <span class='ocrx_word' id='word_1_234' title='bbox 1332 3607 1459 3679; x_wconf 83' lang='lat' dir='ltr'>Oomite</span> 
     </span>
    </p>
   </div>
   <div class='ocr_carea' id='block_1_10' title="bbox 336 3715 1563 3916">
    <p class='ocr_par' dir='ltr' id='par_1_11' title="bbox 336 3715 1563 3930">
     <span class='ocr_line' id='line_1_32' title="bbox 337 3715 1563 3804; baseline -0.009 -15"><span class='ocrx_word' id='word_1_235' title='bbox 337 3718 567 3803; x_wconf 80' lang='lat' dir='ltr'>Simeghiensi,</span> <span class='ocrx_word' id='word_1_236' title='bbox 585 3719 689 3788; x_wconf 88' lang='lat' dir='ltr'>Paulo</span> <span class='ocrx_word' id='word_1_237' title='bbox 706 3719 798 3786; x_wconf 86' lang='lat' dir='ltr'>Bano</span> <span class='ocrx_word' id='word_1_238' title='bbox 815 3720 856 3787; x_wconf 92' lang='lat' dir='ltr'>de</span> <span class='ocrx_word' id='word_1_239' title='bbox 881 3719 1030 3804; x_wconf 84' lang='lat' dir='ltr'>Zeurino,</span> <span class='ocrx_word' id='word_1_240' title='bbox 1056 3717 1174 3784; x_wconf 91' lang='lat' dir='ltr'>Ponith</span> <span class='ocrx_word' id='word_1_241' title='bbox 1199 3719 1304 3804; x_wconf 81' lang='lat' dir='ltr'>Bono,</span> <span class='ocrx_word' id='word_1_242' title='bbox 1330 3715 1457 3786; x_wconf 82' lang='lat' dir='ltr'>Comite</span> <span class='ocrx_word' id='word_1_243' title='bbox 1562 3715 1563 3722; x_wconf 77' lang='grc'>’</span> 
     </span>
     <span class='ocr_line' id='line_1_33' title="bbox 336 3827 1458 3916; baseline -0.002 -20"><span class='ocrx_word' id='word_1_244' title='bbox 336 3829 534 3914; x_wconf 84' lang='lat' dir='ltr'>Zaladiensi,</span> <span class='ocrx_word' id='word_1_245' title='bbox 556 3835 588 3894; x_wconf 88' lang='lat' dir='ltr'>ct</span> <span class='ocrx_word' id='word_1_246' title='bbox 604 3828 681 3896; x_wconf 86' lang='lat' dir='ltr'>aliis</span> <span class='ocrx_word' id='word_1_247' title='bbox 697 3829 945 3916; x_wconf 85' lang='lat' dir='ltr'>quamplurimis</span> <span class='ocrx_word' id='word_1_248' title='bbox 971 3827 1150 3895; x_wconf 80' lang='lat' dir='ltr'>Comitatus</span> <span class='ocrx_word' id='word_1_249' title='bbox 1168 3828 1276 3913; x_wconf 78' lang='lat' dir='ltr'>Regni</span> <span class='ocrx_word' id='word_1_250' title='bbox 1292 3828 1393 3893; x_wconf 89' lang='lat' dir='ltr'>nostri</span> <span class='ocrx_word' id='word_1_251' title='bbox 1410 3835 1458 3893; x_wconf 91' lang='lat' dir='ltr'>te·</span> 
     </span>
    </p>
   </div>
   <div class='ocr_carea' id='block_1_11' title="bbox 336 3935 702 4005">
    <p class='ocr_par' dir='ltr' id='par_1_12' title="bbox 336 3935 702 4005">
     <span class='ocr_line' id='line_1_34' title="bbox 336 3935 702 4005; baseline -0.008 -1"><span class='ocrx_word' id='word_1_252' title='bbox 336 3937 489 4005; x_wconf 88' lang='lat' dir='ltr'>uentibus</span> <span class='ocrx_word' id='word_1_253' title='bbox 506 3943 537 4002; x_wconf 92' lang='lat' dir='ltr'>et</span> <span class='ocrx_word' id='word_1_254' title='bbox 553 3935 702 4005; x_wconf 90' lang='lat' dir='ltr'>honores.</span> 
     </span>
    </p>
   </div>
   <div class='ocr_carea' id='block_1_12' title="bbox 335 4123 1563 4206">
    <p class='ocr_par' dir='ltr' id='par_1_13' title="bbox 335 4123 1563 4206">
     <span class='ocr_line' id='line_1_35' title="bbox 335 4123 1563 4206; baseline -0.002 -18"><span class='ocrx_word' id='word_1_255' title='bbox 335 4131 399 4206; x_wconf 82' lang='lat' dir='ltr'>(Gr.</span> <span class='ocrx_word' id='word_1_256' title='bbox 412 4131 574 4205; x_wconf 79' lang='lat' dir='ltr'>Betthdnyi</span> <span class='ocrx_word' id='word_1_257' title='bbox 587 4129 690 4188; x_wconf 84' lang='lat' dir='ltr'>Jdasef</span> <span class='ocrx_word' id='word_1_258' title='bbox 699 4127 823 4187; x_wconf 77' lang='lat' dir='ltr'>keairati</span> <span class='ocrx_word' id='word_1_259' title='bbox 835 4129 1101 4203; x_wconf 76' lang='lat' dir='ltr'>gytljtemdnydbr&#39;il.</span> <span class='ocrx_word' id='word_1_260' title='bbox 1124 4131 1204 4186; x_wconf 85' lang='lat' dir='ltr'>Erren</span> <span class='ocrx_word' id='word_1_261' title='bbox 1226 4128 1352 4202; x_wconf 73' lang='lat' dir='ltr'>olrmdny</span> <span class='ocrx_word' id='word_1_262' title='bbox 1374 4131 1457 4188; x_wconf 83' lang='lat'><strong>1391-</strong></span> <span class='ocrx_word' id='word_1_263' title='bbox 1562 4123 1563 4128; x_wconf 50' lang='lat'>&#39;</span> 
     </span>
    </p>
   </div>
   <div class='ocr_carea' id='block_1_13' title="bbox 335 4220 1563 4398">
    <p class='ocr_par' dir='ltr' id='par_1_14' title="bbox 335 4220 1563 4398">
     <span class='ocr_line' id='line_1_36' title="bbox 335 4220 1563 4314; baseline -0.005 -32"><span class='ocrx_word' id='word_1_264' title='bbox 335 4223 394 4283; x_wconf 91' lang='lat' dir='ltr'>ben</span> <span class='ocrx_word' id='word_1_265' title='bbox 407 4224 569 4282; x_wconf 85' lang='lat' dir='ltr'>hitelesnek</span> <span class='ocrx_word' id='word_1_266' title='bbox 581 4220 767 4295; x_wconf 72' lang='lat' dir='ltr'>taldltutven,</span> <span class='ocrx_word' id='word_1_267' title='bbox 781 4238 798 4276; x_wconf 83' lang='lat' dir='ltr'>a</span> <span class='ocrx_word' id='word_1_268' title='bbox 811 4222 983 4295; x_wconf 78' lang='lat' dir='ltr'>Regestrum</span> <span class='ocrx_word' id='word_1_269' title='bbox 1002 4221 1184 4280; x_wconf 82' lang='lat' dir='ltr'>Turocaense</span> <span class='ocrx_word' id='word_1_270' title='bbox 1206 4223 1304 4278; x_wconf 68' lang='lat' dir='ltr'>aldis</span> <span class='ocrx_word' id='word_1_271' title='bbox 1326 4221 1458 4278; x_wconf 75' lang='lat' dir='ltr'>suaktbs</span> <span class='ocrx_word' id='word_1_272' title='bbox 1562 4299 1563 4314; x_wconf 12' lang='grc' dir='ltr'>χ</span> 
     </span>
     <span class='ocr_line' id='line_1_37' title="bbox 707 4311 1563 4398; baseline 0 -30"><span class='ocrx_word' id='word_1_273' title='bbox 707 4313 1084 4386; x_wconf 77' lang='lat' dir='ltr'>hironatilsgihtattstott.)</span> <span class='ocrx_word' id='word_1_274' title='bbox 1188 4393 1190 4398; x_wconf 21' lang='grc' dir='ltr'>Ι</span> <span class='ocrx_word' id='word_1_275' title='bbox 1541 4311 1563 4330; x_wconf 76' lang='grc'>”</span> 
     </span>
    </p>
   </div>
   <div class='ocr_carea' id='block_1_14' title="bbox 758 4601 1022 4612">
    <p class='ocr_par' dir='ltr' id='par_1_15' title="bbox 758 4601 1022 4612">
     <span class='ocr_line' id='line_1_38' title="bbox 758 4601 1022 4612; baseline 0.008 -4"><span class='ocrx_word' id='word_1_276' title='bbox 758 4601 1022 4612; x_wconf 72' lang='grc' dir='ltr'>κ--.-....-.--ι-....·</span> 
     </span>
    </p>
   </div>
   <div class='ocr_carea' id='block_1_15' title="bbox 0 0 1582 5158">
    <p class='ocr_par' dir='ltr' id='par_1_16' title="bbox 0 0 1582 5158">
     <span class='ocr_line' id='line_1_39' title="bbox 0 0 1582 5158; baseline 0 0"><span class='ocrx_word' id='word_1_277' title='bbox 0 0 1582 5158; x_wconf 95' lang='lat' dir='ltr'> </span> 
     </span>
    </p>
   </div>
  </div>
 </body>
</html>
