3142 5170
856 309 920 376 312

803 409 852 420 9..

330 503 378 574 ois
404 505 557 573 videlicet
574 515 606 574 et
621 505 848 591 posteritatum
876 527 1006 573 suarum
1031 510 1063 574 in
1091 513 1277 592 perpetuum
1305 506 1448 575 manase·

328 603 456 698 rantes5
484 615 530 680 lta
554 623 589 680 vt
615 635 655 682 ex
671 617 734 682 hae
751 616 934 683 donacione
951 625 1064 682 nostra
1080 614 1224 681 eiusdem
1240 627 1325 682 terro
1341 625 1374 681 et
1390 615 1452 682 vti·

328 721 455 787 litatum
482 741 611 787 suarum
638 723 706 787 veri
734 721 855 790 domini
882 730 914 788 et
938 723 1076 806 legitimi
1102 741 1311 807 possessores
1330 723 1450 802 effoeti,

328 829 464 896 eandem
480 829 820 916 terrampossidendt,
838 829 929 896 etde
946 851 986 896 ea
1002 831 1170 916 quodlibet
1191 831 1280 896 aliud
1297 830 1452 914 faciendi,

327 957 395 1005 una
419 957 489 1004 oum
515 941 582 1008 suis
600 939 803 1023 utilitatibus,
823 939 914 1005 iuxta
930 955 1062 1005 suarum
1077 937 1244 1004 arbitrium
1263 945 1296 1004 et
1310 939 1452 1006 lubitum

328 1041 531 1114 uoluntatem
547 1048 685 1114 liberam
702 1048 848 1116 habeant
865 1048 1036 1115 licenciam
1063 1053 1096 1114 et
1111 1047 1291 1132 plenariam
1308 1047 1450 1114 faculta-

328 1161 403 1221 tem.
429 1151 472 1221 Vt
497 1157 595 1240 igitur
618 1153 715 1220 huius
733 1155 923 1223 donacionis
941 1165 1050 1221 nostre
1067 1156 1170 1222 series
1186 1155 1284 1220 robur
1300 1156 1452 1241 optineat

329 1267 486 1348 perpetue
501 1263 682 1348 firmitatis,
712 1281 770 1329 nee
797 1263 904 1348 possit
918 1283 977 1348 per
993 1263 1179 1350 qnempiam
1197 1264 1362 1330 hominum
1379 1263 1450 1328 irri·

328 1369 390 1435 tari
417 1388 475 1436 seu
503 1371 607 1436 eciam
634 1373 824 1453 retractari,
854 1377 1025 1457 presentes
1053 1371 1179 1439 litteras
1202 1371 1308 1436 eidem
1324 1373 1451 1438 Jacobo

330 1477 437 1544 Judioi
455 1475 596 1563 duplicis
623 1479 724 1561 sigilli
750 1479 850 1544 nostri
876 1479 1051 1546 munimine
1068 1479 1138 1545 deri
1156 1479 1292 1545 lecimus
1309 1499 1452 1544 commn-

329 1585 427 1652 nitas.
445 1587 564 1652 Datum
582 1607 640 1672 per
656 1606 772 1652 marrus
788 1588 987 1654 venerabilis
1009 1589 1114 1671 patris
1140 1589 1261 1654 domini
1287 1589 1348 1652 Th.
1375 1589 1452 1674 Epi·

329 1695 421 1780 scopi
438 1693 634 1778 Waciensis‚
652 1695 725 1760 aule
742 1693 853 1763 nostre
870 1695 1068 1780 Canoelinrij
1096 1695 1206 1763 dilecti
1223 1705 1256 1763 et
1271 1696 1378 1762 fidelis
1396 1719 1450 1762 no·

330 1802 399 1885 stri,
416 1820 502 1867 anno
519 1801 648 1868 Domini
665 1802 714 1869 lll⁰
730 1803 801 1870 00⁰
816 1803 959 1869 LXXX⁰
975 1803 1200 1887 VlIl⁰'qnarto
1218 1805 1297 1872 Idus
1315 1805 1452 1891 Aprilis,

329 1909 436 1992 Regni
452 1913 559 1977 autem
576 1915 677 1977 nostri
695 1910 926 1976 sextodecimo.

525 2102 673 2174 (Eredetie
686 2107 819 2178 Pozsony
833 2107 904 2163 sz-lr.
918 2105 1003 2164 varos
1017 2103 1247 2180 leveltdrtlban.)

852 2929 930 2995 201.

327 3127 473 3192 Erasdbet
496 3126 644 3212 lcirdlpnd
666 3152 687 3190 a
713 3128 828 3191 Basca
852 3127 1033 3212 nemactaepc'
1055 3127 1229 3192 Jakataad
1245 3151 1267 3192 o
1283 3129 1342 3193 tote
1358 3127 1448 3192 eloett

572 3235 723 3298 birtoltait
735 3235 1096 3320 uicasaoadomdnpozen.
1118 3237 1214 3300 1288.

435 3426 650 3516 (E)lyzabeth
675 3429 737 3497 Dei
754 3429 885 3517 gracia,
913 3432 1018 3498 maior
1034 3431 1163 3516 Regina
1179 3431 1366 3518 Hungarie‚
1383 3455 1451 3500 om·

330 3542 428 3608 nibus
444 3541 567 3608 Christi
584 3542 734 3608 fidelibus
751 3547 933 3627 presentem
951 3541 1104 3625 paginam
1124 3541 1345 3618 intuentibus,
1363 3541 1451 3607 salu-

328 3653 395 3714 tem
419 3647 450 3713 in
478 3649 592 3717 salutis
618 3650 783 3733 largitore.
813 3647 864 3714 Ad
888 3649 1122 3716 uniuersorum
1151 3654 1217 3714 tam
1243 3649 1453 3733 presencium

329 3775 425 3839 quam
450 3762 656 3842 posterorum
682 3757 837 3822 noticiam
863 3756 977 3822 harum
994 3755 1078 3822 serie
1095 3757 1244 3823 uolumus
1261 3757 1448 3841 peruenire,

330 3863 414 3948 quod
439 3883 511 3930 oum
537 3865 729 3949 magistrum
747 3864 904 3931 Jacobom
933 3863 1035 3930 filium
1051 3861 1178 3949 Ponyth
1194 3863 1234 3930 de
1251 3885 1370 3947 genere
1385 3867 1452 3931 Bu-

329 3972 402 4055 zad,
419 3971 548 4056 quidam
565 3970 606 4037 de
623 3973 744 4040 nostris
760 3972 936 4038 Beronibus
968 3971 1128 4054 capitales
1144 3970 1276 4057 inimioy
1302 3973 1451 4040 eiusdem

329 4079 426 4146 nobis
444 4079 679 4164 frequentaret
702 4077 819 4146 asidua
845 4087 1065 4159 aeusassem,
1082 4099 1145 4147 non
1164 4081 1277 4147 debita
1292 4081 1454 4149 fidelitate

328 4187 422 4254 nobis
449 4195 482 4254 ot
511 4189 578 4258 filio
606 4197 714 4256 nostro
740 4187 869 4256 domino
895 4188 977 4273 Regi
1003 4189 1035 4254 in
1064 4189 1294 4272 legacionibus
1319 4192 1450 4278 nostris,

328 4295 459 4379 quando
476 4296 518 4362 ad
534 4303 658 4380 partem
674 4295 917 4362 meridionalem
932 4297 1127 4363 duxeramus
1146 4298 1450 4383 transmittendum,

329 4403 514 4479 carpiniano,
530 4424 589 4472 nos
605 4403 821 4491 predictorum
838 4405 1015 4471 Barronum
1037 4413 1235 4486 nostrorum,
1255 4407 1399 4491 oonsilijs
1419 4417 1454 4472 et

328 4510 439 4580 uerbis
463 4510 591 4579 friuolis
619 4513 838 4597 equisoentes‚
855 4519 956 4581 totam
975 4511 1187 4579 collacionatn
1203 4520 1371 4598 nostram,
1398 4517 1451 4580 vi·

333 4620 450 4692 delicet
473 4618 597 4689 willam
613 4619 740 4712 Ohehy,
757 4629 821 4691 tres
838 4619 944 4688 willae
968 4619 1082 4690 Dobza
1098 4621 1131 4686 iu
1148 4621 1311 4692 comitato
1331 4623 1373 4688 de
1389 4622 1452 4692 Se·
