3142 5170
167 1149 189 1212 I
194 1146 228 1214 V.
246 1147 361 1212 mazzo
373 1145 480 1234 lcirdlp
496 1145 664 1235 Gpumcrd
677 1148 904 1216 mvubirtokos
927 1173 948 1213 a
972 1149 1106 1217 Ieurokoc‘
1128 1151 1293 1238 conuscat-

511 1257 570 1322 ποῖα
585 1257 828 1346 ndomdupozzm
846 1258 944 1323 1289.

274 1451 449 1520 hadistaus
475 1455 542 1522 Dei
573 1456 685 1540 gratia
709 1455 898 1542 Hungaric,
924 1455 1123 1550 Dalmacic,
1141 1457 1291 1547 cronois,

163 1565 267 1630 Reme
276 1613 287 1648 ,
304 1560 438 1644 Servio,
456 1561 617 1644 Gallicis,
635 1563 830 1632 Lodomerie
839 1615 850 1650 ,
867 1564 1048 1648 Cumanic,
1069 1565 1289 1653 Bulgarieque

162 1673 245 1756 ch,
262 1671 411 1740 omnibns
428 1670 551 1738 christi
568 1672 725 1740 fidelibus
750 1680 920 1760 presentes
947 1674 1062 1744 literas
1079 1676 1287 1764 inspecturis,

161 1781 303 1848 salutem
328 1780 362 1848 in
387 1778 528 1849 Domino
555 1781 799 1870 sempiternam.
825 1782 878 1850 Ad
893 1784 1116 1852 uniuersornm
1134 1787 1289 1856 noticiam

162 1925 206 1938 -
226 1929 265 1940 -
285 1889 358 1960 —ie
373 1893 574 1978 presentium
592 1892 741 1960 volumus
757 1892 940 1978 peruenire,
951 1891 1039 1976 quod
1050 1913 1110 1962 nos
1122 1897 1288 1980 quandam

160 2033 205 2048 -
222 2035 265 2046 —
282 2035 325 2048 -·
342 2002 441 2066 castri
457 2000 560 2066 nostri
576 1998 730 2068 Albensis
756 2000 1008 2068 Tranasiluanie
1034 1997 1205 2088 Gynmurd
1232 2025 1285 2072 vo·

160 2115 288 2191 catam,
314 2129 412 2194 quam
438 2109 566 2176 scilicet
590 2109 661 2175 Rex
687 2113 783 2196 pstor
812 2114 924 2176 noster
948 2107 1161 2180 charissimus
1179 2111 1285 2180 salicis

157 2219 402 2288 recordacionis
429 2217 594 2287 mediante
620 2219 794 2304 privilegio
820 2237 880 2286 suo
912 2217 1070 2288 fidelibus
1103 2219 1288 2306 hospitibus

157 2326 227 2398 suis
243 2329 285 2397 dc
302 2329 440 2398 Karako
457 2327 642 2396 contulerat
658 2347 731 2394 curn
756 2328 908 2396 omnibns
924 2327 1122 2398 utilitatibus
1139 2337 1174 2398 et
1189 2333 1287 2417 perti-

157 2437 289 2522 nenciis
305 2435 462 2522 ejusdcm,
480 2437 541 2506 sub
558 2433 683 2505 eisdem
699 2436 795 2504 metis
821 2441 852 2502 ct
869 2443 953 2502 term
961 2437 1045 2520 inis,
1062 2446 1159 2520 prout
1174 2437 1207 2505 in
1224 2441 1288 2526 pri-

156 2653 296 2740 quimus,
312 2654 506 2723 donavimus
522 2662 555 2723 et
572 2653 793 2724 concessimus
820 2653 947 2722 eisdem
962 2655 1132 2724 fidelilbus
1148 2655 1285 2741 hospiti·

155 2763 219 2831 bus
242 2761 363 2832 nostris
388 2761 430 2828 de
454 2761 593 2830 Karalro
618 2761 757 2848 pacifice
782 2767 815 2829 et
835 2762 1096 2831 irrevocabiliter
1112 2763 1282 2849 possiden-

155 2869 232 2939 dam
258 2877 291 2937 et
314 2868 520 2958 habendam,
545 2867 696 2940 volentes
723 2869 810 2956 quod
835 2871 939 2958 ijdem
957 2869 1108 2957 hospites
1124 2873 1226 2940 nostri
1243 2873 1286 2940 de

154 2978 293 3049 Karalso
310 2980 424 3050 eadem
440 2982 612 3068 gaudeant
627 2993 663 3048 et
682 2988 898 3067 permaneant
915 2982 1086 3064 libertate,
1113 3001 1212 3066 quam
1229 2983 1283 3053 iis·

152 3085 229 3154 dem
245 3089 375 3157 scilicet
390 3089 461 3158 Ros
478 3098 699 3177 paternoster
726 3091 943 3160 charissimus
959 3089 1125 3158 medianto
1140 3109 1198 3158 suo
1213 3091 1282 3177 pri-

154 3197 278 3282 uilegio
303 3196 505 3283 dignoscitur
532 3201 747 3268 concessisse.
775 3199 818 3268 Vt
838 3239 881 3249 -
899 3235 942 3246 -
961 3205 1073 3266 nostro
1088 3197 1281 3268 donacionis

150 3324 210 3372 seu
227 3307 420 3376 collacionis
437 3308 541 3376 series
558 3309 657 3376 robur
669 3309 817 3376 obtineat
832 3316 990 3394 perpetue
1014 3308 1201 3391 firmitatis,
1219 3328 1280 3376 nec

150 3433 308 3498 processu
333 3424 513 3506 temporum
542 3437 600 3504 per
626 3418 812 3504 quempiam
847 3418 957 3502 possit
982 3419 1034 3486 vel
1050 3415 1173 3486 debeat
1188 3435 1279 3486 nero·

149 3523 229 3610 cari,
247 3533 416 3610 presentes
433 3527 653 3593 concessimus
680 3507 793 3593 literas
810 3524 954 3610 duplicis
970 3525 1074 3611 sigilli
1092 3525 1195 3594 nostri
1211 3545 1278 3590 mn-

147 3633 271 3698 nimine
297 3634 480 3706 roboratas.
506 3632 630 3702 Datum
657 3653 716 3718 per
741 3653 857 3702 manue
874 3633 1057 3701 uenerandi
1072 3635 1177 3719 patris
1195 3632 1275 3700 Gre-

146 3742 231 3826 gorii
248 3741 311 3808 Dei
336 3741 449 3828 gracia
467 3743 623 3828 Episcopi
648 3741 890 3810 Ohanadiensis
919 3743 997 3810 aule
1012 3749 1127 3808 nostro
1141 3741 1276 3809 Oanccl-

146 3851 233 3937 larij,
252 3850 363 3917 dilecti
380 3857 412 3918 et
426 3850 532 3918 fidelis
549 3852 664 3936 nostri,
680 3869 767 3916 anno
785 3851 917 3919 Domini
929 3850 1106 3918 millesimo
1123 3849 1274 3918 ducente·

145 3957 230 4024 simo
246 3961 469 4042 octuagesimo
485 3979 581 4046 nono,
598 3961 670 4028 R-
687 3997 731 4010 -
746 3959 875 4028 decimo
893 3965 1024 4028 octavo.

207 4152 255 4226 (U.
268 4169 293 4209 ο.
307 4154 328 4208 ι.
343 4153 401 4211 soc.
415 4155 477 4214 151.
490 4155 509 4211 r.
524 4153 582 4215 sos
598 4155 719 4216 trouva
731 4153 869 4227 nejsmsr
883 4153 945 4212 vn.
959 4153 1019 4210 roc.
1033 4151 1057 4208 1.
1069 4171 1092 4210 r.
1105 4153 1167 4209 arc.
1181 4152 1215 4226 ι.)
