<?xml version="1.0" encoding="UTF-8"?>
<!DOCTYPE html PUBLIC "-//W3C//DTD XHTML 1.0 Transitional//EN"
    "http://www.w3.org/TR/xhtml1/DTD/xhtml1-transitional.dtd">
<html xmlns="http://www.w3.org/1999/xhtml" xml:lang="en" lang="en">
 <head>
  <title>
</title>
<meta http-equiv="Content-Type" content="text/html;charset=utf-8" />
  <meta name='ocr-system' content='tesseract 3.04.00' />
  <meta name='ocr-capabilities' content='ocr_page ocr_carea ocr_par ocr_line ocrx_word'/>
</head>
<body>
  <div class='ocr_page' id='page_1' title='image "./codexdiplomatic08wenzgoog_0284.png"; bbox 0 0 3142 5170; ppageno 0'>
   <div class='ocr_carea' id='block_1_1' title="bbox 347 1105 1554 1392">
    <p class='ocr_par' dir='ltr' id='par_1_1' title="bbox 347 1105 1554 1392">
     <span class='ocr_line' id='line_1_1' title="bbox 347 1105 1554 1209; baseline -0.007 -29"><span class='ocrx_word' id='word_1_1' title='bbox 347 1115 407 1182; x_wconf 88' lang='lat' dir='ltr'><strong>IV.</strong></span> <span class='ocrx_word' id='word_1_2' title='bbox 425 1115 542 1180; x_wconf 73' lang='lat' dir='ltr'><strong>Ldezld</strong></span> <span class='ocrx_word' id='word_1_3' title='bbox 556 1113 668 1200; x_wconf 78' lang='lat' dir='ltr'><strong>kirdly</strong></span> <span class='ocrx_word' id='word_1_4' title='bbox 688 1111 917 1202; x_wconf 81' lang='lat' dir='ltr'><strong>pcraueeolja,</strong></span> <span class='ocrx_word' id='word_1_5' title='bbox 934 1105 1052 1200; x_wconf 75' lang='lat' dir='ltr'><strong>leopyd</strong></span> <span class='ocrx_word' id='word_1_6' title='bbox 1078 1119 1210 1199; x_wconf 80' lang='lat' dir='ltr'><strong>coproce&#39;</strong></span> <span class='ocrx_word' id='word_1_7' title='bbox 1233 1109 1402 1197; x_wconf 67' lang='lat' dir='ltr'><strong>polystrok,</strong></span> <span class='ocrx_word' id='word_1_8' title='bbox 1417 1109 1468 1173; x_wconf 78' lang='lat' dir='ltr'><strong>leit</strong></span> <span class='ocrx_word' id='word_1_9' title='bbox 1488 1201 1494 1209; x_wconf 27' lang='grc' dir='ltr'>ι</span> <span class='ocrx_word' id='word_1_10' title='bbox 1553 1137 1554 1156; x_wconf 63' lang='grc' dir='ltr'><strong>ι</strong></span> 
     </span>
     <span class='ocr_line' id='line_1_2' title="bbox 347 1217 1468 1307; baseline -0.006 -19"><span class='ocrx_word' id='word_1_11' title='bbox 347 1247 369 1288; x_wconf 86' lang='grc' dir='ltr'><strong>ιι</strong></span> <span class='ocrx_word' id='word_1_12' title='bbox 393 1227 488 1288; x_wconf 83' lang='lat' dir='ltr'><strong>cdroe</strong></span> <span class='ocrx_word' id='word_1_13' title='bbox 505 1221 622 1307; x_wconf 80' lang='lat' dir='ltr'><strong>soloin</strong></span> <span class='ocrx_word' id='word_1_14' title='bbox 637 1221 726 1286; x_wconf 76' lang='lat' dir='ltr'><strong>ktvct</strong></span> <span class='ocrx_word' id='word_1_15' title='bbox 741 1220 869 1286; x_wconf 79' lang='lat' dir='ltr'><strong>keedtek</strong></span> <span class='ocrx_word' id='word_1_16' title='bbox 894 1219 1002 1303; x_wconf 81' lang='lat' dir='ltr'><strong>lckni,</strong></span> <span class='ocrx_word' id='word_1_17' title='bbox 1018 1243 1041 1284; x_wconf 88' lang='lat' dir='ltr'><strong>a</strong></span> <span class='ocrx_word' id='word_1_18' title='bbox 1053 1219 1186 1285; x_wconf 79' lang='lat' dir='ltr'><strong>udrosbc</strong></span> <span class='ocrx_word' id='word_1_19' title='bbox 1203 1217 1468 1304; x_wconf 72' lang='lat' dir='ltr'><strong>cieemmenjcoek.</strong></span> 
     </span>
     <span class='ocr_line' id='line_1_3' title="bbox 861 1329 959 1392; baseline -0.01 -1"><span class='ocrx_word' id='word_1_20' title='bbox 861 1329 959 1392; x_wconf 84' lang='lat'><em>1283.</em></span> 
     </span>
    </p>
   </div>
   <div class='ocr_carea' id='block_1_2' title="bbox 348 1523 1554 3119">
    <p class='ocr_par' dir='ltr' id='par_1_2' title="bbox 348 1523 1554 3119">
     <span class='ocr_line' id='line_1_4' title="bbox 454 1523 1469 1610; baseline -0.004 -18"><span class='ocrx_word' id='word_1_21' title='bbox 454 1525 630 1593; x_wconf 84' lang='lat' dir='ltr'><strong>Ladislaus</strong></span> <span class='ocrx_word' id='word_1_22' title='bbox 657 1523 719 1590; x_wconf 88' lang='lat' dir='ltr'><strong>Dei</strong></span> <span class='ocrx_word' id='word_1_23' title='bbox 744 1525 861 1610; x_wconf 62' lang='lat' dir='ltr'><strong>macie</strong></span> <span class='ocrx_word' id='word_1_24' title='bbox 876 1525 949 1592; x_wconf 82' lang='lat' dir='ltr'><strong>Rex</strong></span> <span class='ocrx_word' id='word_1_25' title='bbox 965 1525 1134 1608; x_wconf 79' lang='lat' dir='ltr'><strong>Huugarie</strong></span> <span class='ocrx_word' id='word_1_26' title='bbox 1149 1523 1302 1593; x_wconf 84' lang='lat' dir='ltr'><strong>fidelibus</strong></span> <span class='ocrx_word' id='word_1_27' title='bbox 1320 1523 1389 1592; x_wconf 85' lang='lat' dir='ltr'><strong>suis</strong></span> <span class='ocrx_word' id='word_1_28' title='bbox 1406 1525 1469 1589; x_wconf 85' lang='lat' dir='ltr'><strong>vui-</strong></span> 
     </span>
     <span class='ocr_line' id='line_1_5' title="bbox 348 1630 1470 1718; baseline -0.005 -19"><span class='ocrx_word' id='word_1_29' title='bbox 348 1633 456 1702; x_wconf 86' lang='lat' dir='ltr'><strong>uersis</strong></span> <span class='ocrx_word' id='word_1_30' title='bbox 474 1635 591 1716; x_wconf 87' lang='lat' dir='ltr'><strong>quibus</strong></span> <span class='ocrx_word' id='word_1_31' title='bbox 608 1639 780 1718; x_wconf 77' lang='lat' dir='ltr'><strong>presentes</strong></span> <span class='ocrx_word' id='word_1_32' title='bbox 806 1635 1018 1700; x_wconf 77' lang='lat' dir='ltr'><strong>ostendentur</strong></span> <span class='ocrx_word' id='word_1_33' title='bbox 1040 1634 1180 1698; x_wconf 88' lang='lat' dir='ltr'><strong>salutern</strong></span> <span class='ocrx_word' id='word_1_34' title='bbox 1198 1641 1231 1698; x_wconf 90' lang='lat' dir='ltr'><strong>et</strong></span> <span class='ocrx_word' id='word_1_35' title='bbox 1247 1633 1409 1718; x_wconf 82' lang='lat' dir='ltr'><strong>graciam.</strong></span> <span class='ocrx_word' id='word_1_36' title='bbox 1424 1630 1470 1694; x_wconf 75' lang='lat' dir='ltr'><strong>lix</strong></span> 
     </span>
     <span class='ocr_line' id='line_1_6' title="bbox 350 1740 1472 1826; baseline 0 -18"><span class='ocrx_word' id='word_1_37' title='bbox 350 1741 516 1810; x_wconf 79' lang='lat' dir='ltr'><strong>relacione</strong></span> <span class='ocrx_word' id='word_1_38' title='bbox 540 1741 683 1809; x_wconf 86' lang='lat' dir='ltr'><strong>fidelium</strong></span> <span class='ocrx_word' id='word_1_39' title='bbox 709 1745 895 1810; x_wconf 88' lang='lat' dir='ltr'><strong>nostrorum</strong></span> <span class='ocrx_word' id='word_1_40' title='bbox 922 1741 1088 1826; x_wconf 85' lang='lat' dir='ltr'><strong>hospitum</strong></span> <span class='ocrx_word' id='word_1_41' title='bbox 1105 1740 1333 1826; x_wconf 88' lang='lat' dir='ltr'><strong>deScpronio</strong></span> <span class='ocrx_word' id='word_1_42' title='bbox 1351 1741 1472 1805; x_wconf 87' lang='lat' dir='ltr'><strong>intelle·</strong></span> 
     </span>
     <span class='ocr_line' id='line_1_7' title="bbox 348 1845 1471 1934; baseline -0.003 -20"><span class='ocrx_word' id='word_1_43' title='bbox 348 1850 475 1934; x_wconf 86' lang='lat' dir='ltr'><strong>ximus,</strong></span> <span class='ocrx_word' id='word_1_44' title='bbox 500 1849 734 1932; x_wconf 83' lang='lat' dir='ltr'><strong>quodquidam</strong></span> <span class='ocrx_word' id='word_1_45' title='bbox 761 1867 802 1915; x_wconf 85' lang='lat' dir='ltr'><strong>ex</strong></span> <span class='ocrx_word' id='word_1_46' title='bbox 818 1849 866 1916; x_wconf 92' lang='lat' dir='ltr'><strong>eis</strong></span> <span class='ocrx_word' id='word_1_47' title='bbox 882 1848 1041 1915; x_wconf 85' lang='lat' dir='ltr'><strong>derelicto</strong></span> <span class='ocrx_word' id='word_1_48' title='bbox 1057 1855 1166 1914; x_wconf 84' lang='lat' dir='ltr'><strong>castro</strong></span> <span class='ocrx_word' id='word_1_49' title='bbox 1189 1855 1302 1915; x_wconf 90' lang='lat' dir='ltr'><strong>nostro</strong></span> <span class='ocrx_word' id='word_1_50' title='bbox 1320 1845 1471 1931; x_wconf 86' lang='lat' dir='ltr'><strong>Snprnui·</strong></span> 
     </span>
     <span class='ocr_line' id='line_1_8' title="bbox 349 1954 1554 2039; baseline -0.002 -17"><span class='ocrx_word' id='word_1_51' title='bbox 349 1957 418 2024; x_wconf 81' lang='lat' dir='ltr'><strong>euri</strong></span> <span class='ocrx_word' id='word_1_52' title='bbox 434 1959 468 2022; x_wconf 91' lang='lat' dir='ltr'><strong>iu</strong></span> <span class='ocrx_word' id='word_1_53' title='bbox 493 1977 568 2024; x_wconf 87' lang='lat' dir='ltr'><strong>rure</strong></span> <span class='ocrx_word' id='word_1_54' title='bbox 585 1957 738 2024; x_wconf 76' lang='lat' dir='ltr'><strong>continue</strong></span> <span class='ocrx_word' id='word_1_55' title='bbox 754 1956 945 2039; x_wconf 80' lang='lat' dir='ltr'><strong>residerent,</strong></span> <span class='ocrx_word' id='word_1_56' title='bbox 972 1964 1004 2024; x_wconf 90' lang='lat' dir='ltr'><strong>et</strong></span> <span class='ocrx_word' id='word_1_57' title='bbox 1020 1957 1065 2023; x_wconf 85' lang='lat' dir='ltr'><strong>ab</strong></span> <span class='ocrx_word' id='word_1_58' title='bbox 1082 1955 1204 2022; x_wconf 90' lang='lat' dir='ltr'><strong>honere</strong></span> <span class='ocrx_word' id='word_1_59' title='bbox 1221 1961 1253 2020; x_wconf 90' lang='lat' dir='ltr'><strong>et</strong></span> <span class='ocrx_word' id='word_1_60' title='bbox 1269 1954 1411 2022; x_wconf 88' lang='lat' dir='ltr'><strong>seruicio</strong></span> <span class='ocrx_word' id='word_1_61' title='bbox 1424 1954 1470 2021; x_wconf 90' lang='lat' dir='ltr'><strong>di·</strong></span> <span class='ocrx_word' id='word_1_62' title='bbox 1553 1957 1554 1980; x_wconf 68' lang='lat'>¹</span> 
     </span>
     <span class='ocr_line' id='line_1_9' title="bbox 349 2057 1554 2150; baseline -0.006 -20"><span class='ocrx_word' id='word_1_63' title='bbox 349 2067 391 2132; x_wconf 90' lang='lat' dir='ltr'><strong>cti</strong></span> <span class='ocrx_word' id='word_1_64' title='bbox 409 2065 564 2131; x_wconf 85' lang='lat' dir='ltr'><strong>castriso</strong></span> <span class='ocrx_word' id='word_1_65' title='bbox 582 2065 711 2150; x_wconf 87' lang='lat' dir='ltr'><strong>penitus</strong></span> <span class='ocrx_word' id='word_1_66' title='bbox 728 2067 952 2146; x_wconf 83' lang='lat' dir='ltr'><strong>retraxissent,</strong></span> <span class='ocrx_word' id='word_1_67' title='bbox 971 2069 1005 2130; x_wconf 86' lang='lat' dir='ltr'><strong>et</strong></span> <span class='ocrx_word' id='word_1_68' title='bbox 1019 2081 1140 2148; x_wconf 81' lang='lat' dir='ltr'><strong>magua</strong></span> <span class='ocrx_word' id='word_1_69' title='bbox 1159 2081 1238 2148; x_wconf 86' lang='lat' dir='ltr'><strong>pars</strong></span> <span class='ocrx_word' id='word_1_70' title='bbox 1255 2063 1359 2147; x_wconf 88' lang='lat' dir='ltr'><strong>ipsius</strong></span> <span class='ocrx_word' id='word_1_71' title='bbox 1376 2061 1471 2128; x_wconf 86' lang='lat' dir='ltr'><strong>castri</strong></span> <span class='ocrx_word' id='word_1_72' title='bbox 1553 2057 1554 2088; x_wconf 61' lang='lat'><em>³</em></span> 
     </span>
     <span class='ocr_line' id='line_1_10' title="bbox 351 2172 1554 2272; baseline -0.005 -34"><span class='ocrx_word' id='word_1_73' title='bbox 351 2193 409 2258; x_wconf 89' lang='lat' dir='ltr'><strong>per</strong></span> <span class='ocrx_word' id='word_1_74' title='bbox 426 2172 487 2240; x_wconf 91' lang='lat' dir='ltr'><strong>hoc</strong></span> <span class='ocrx_word' id='word_1_75' title='bbox 503 2192 609 2240; x_wconf 83' lang='lat' dir='ltr'><strong>uacua</strong></span> <span class='ocrx_word' id='word_1_76' title='bbox 635 2173 821 2240; x_wconf 82' lang='lat' dir='ltr'><strong>haberetur.</strong></span> <span class='ocrx_word' id='word_1_77' title='bbox 838 2172 931 2240; x_wconf 89' lang='lat' dir='ltr'><strong>Vnde</strong></span> <span class='ocrx_word' id='word_1_78' title='bbox 947 2191 1019 2239; x_wconf 92' lang='lat' dir='ltr'><strong>cum</strong></span> <span class='ocrx_word' id='word_1_79' title='bbox 1035 2174 1143 2259; x_wconf 86' lang='lat' dir='ltr'><strong>ipsum</strong></span> <span class='ocrx_word' id='word_1_80' title='bbox 1167 2179 1313 2238; x_wconf 85' lang='lat' dir='ltr'><strong>castrum</strong></span> <span class='ocrx_word' id='word_1_81' title='bbox 1329 2178 1469 2236; x_wconf 89' lang='lat' dir='ltr'><strong>nostrum</strong></span> <span class='ocrx_word' id='word_1_82' title='bbox 1553 2211 1554 2272; x_wconf 56' lang='lat'><strong>,</strong></span> 
     </span>
     <span class='ocr_line' id='line_1_11' title="bbox 351 2277 1554 2366; baseline -0.005 -19"><span class='ocrx_word' id='word_1_83' title='bbox 351 2284 396 2347; x_wconf 88' lang='lat' dir='ltr'><strong>sit</strong></span> <span class='ocrx_word' id='word_1_84' title='bbox 420 2282 454 2347; x_wconf 94' lang='lat' dir='ltr'><strong>in</strong></span> <span class='ocrx_word' id='word_1_85' title='bbox 480 2282 629 2366; x_wconf 84' lang='lat' dir='ltr'><strong>confinio,</strong></span> <span class='ocrx_word' id='word_1_86' title='bbox 656 2286 690 2350; x_wconf 90' lang='lat' dir='ltr'><strong>et</strong></span> <span class='ocrx_word' id='word_1_87' title='bbox 715 2282 878 2350; x_wconf 81' lang='lat' dir='ltr'><strong>coutinuis</strong></span> <span class='ocrx_word' id='word_1_88' title='bbox 895 2281 1020 2366; x_wconf 86' lang='lat' dir='ltr'><strong>vigilijs</strong></span> <span class='ocrx_word' id='word_1_89' title='bbox 1037 2289 1070 2349; x_wconf 88' lang='lat' dir='ltr'><strong>et</strong></span> <span class='ocrx_word' id='word_1_90' title='bbox 1085 2280 1249 2364; x_wconf 88' lang='lat' dir='ltr'><strong>custodijs</strong></span> <span class='ocrx_word' id='word_1_91' title='bbox 1265 2279 1391 2346; x_wconf 85' lang='lat' dir='ltr'><strong>debeat</strong></span> <span class='ocrx_word' id='word_1_92' title='bbox 1405 2299 1470 2342; x_wconf 91' lang='lat' dir='ltr'><strong>cou-</strong></span> <span class='ocrx_word' id='word_1_93' title='bbox 1553 2277 1554 2280; x_wconf 74' lang='grc'>’</span> 
     </span>
     <span class='ocr_line' id='line_1_12' title="bbox 349 2387 1554 2474; baseline -0.004 -20"><span class='ocrx_word' id='word_1_94' title='bbox 349 2389 486 2466; x_wconf 86' lang='lat' dir='ltr'><strong>seruari,</strong></span> <span class='ocrx_word' id='word_1_95' title='bbox 504 2390 651 2456; x_wconf 89' lang='lat' dir='ltr'><strong>uolumus</strong></span> <span class='ocrx_word' id='word_1_96' title='bbox 667 2396 702 2456; x_wconf 87' lang='lat' dir='ltr'><strong>vt</strong></span> <span class='ocrx_word' id='word_1_97' title='bbox 716 2389 860 2456; x_wconf 87' lang='lat' dir='ltr'><strong>vuiuersi</strong></span> <span class='ocrx_word' id='word_1_98' title='bbox 876 2389 911 2455; x_wconf 93' lang='lat' dir='ltr'><strong>iu</strong></span> <span class='ocrx_word' id='word_1_99' title='bbox 928 2389 999 2474; x_wconf 93' lang='lat' dir='ltr'><strong>ipsc</strong></span> <span class='ocrx_word' id='word_1_100' title='bbox 1017 2397 1126 2455; x_wconf 85' lang='lat' dir='ltr'><strong>castro</strong></span> <span class='ocrx_word' id='word_1_101' title='bbox 1141 2389 1333 2473; x_wconf 89' lang='lat' dir='ltr'><strong>porcionem</strong></span> <span class='ocrx_word' id='word_1_102' title='bbox 1354 2387 1467 2453; x_wconf 86' lang='lat' dir='ltr'><strong>haben·</strong></span> <span class='ocrx_word' id='word_1_103' title='bbox 1553 2413 1554 2474; x_wconf 27' lang='grc' dir='ltr'>ἦ</span> 
     </span>
     <span class='ocr_line' id='line_1_13' title="bbox 351 2495 1466 2579; baseline -0.005 -17"><span class='ocrx_word' id='word_1_104' title='bbox 351 2503 411 2579; x_wconf 86' lang='lat' dir='ltr'><strong>tes,</strong></span> <span class='ocrx_word' id='word_1_105' title='bbox 432 2496 617 2562; x_wconf 84' lang='lat' dir='ltr'><strong>continuam</strong></span> <span class='ocrx_word' id='word_1_106' title='bbox 634 2495 760 2563; x_wconf 81' lang='lat' dir='ltr'><strong>iaciunt</strong></span> <span class='ocrx_word' id='word_1_107' title='bbox 775 2496 993 2563; x_wconf 85' lang='lat' dir='ltr'><strong>residenoiam</strong></span> <span class='ocrx_word' id='word_1_108' title='bbox 1018 2497 1051 2562; x_wconf 90' lang='lat' dir='ltr'><strong>in</strong></span> <span class='ocrx_word' id='word_1_109' title='bbox 1075 2497 1200 2578; x_wconf 91' lang='lat' dir='ltr'><strong>eodem,</strong></span> <span class='ocrx_word' id='word_1_110' title='bbox 1227 2496 1379 2577; x_wconf 87' lang='lat' dir='ltr'><strong>alioquin</strong></span> <span class='ocrx_word' id='word_1_111' title='bbox 1401 2511 1466 2560; x_wconf 87' lang='lat' dir='ltr'><strong>ceu·</strong></span> 
     </span>
     <span class='ocr_line' id='line_1_14' title="bbox 348 2601 1554 2690; baseline -0.006 -19"><span class='ocrx_word' id='word_1_112' title='bbox 348 2603 506 2672; x_wconf 91' lang='lat' dir='ltr'><strong>cessimus</strong></span> <span class='ocrx_word' id='word_1_113' title='bbox 522 2604 603 2688; x_wconf 89' lang='lat' dir='ltr'><strong>ipsis</strong></span> <span class='ocrx_word' id='word_1_114' title='bbox 620 2604 814 2690; x_wconf 77' lang='lat' dir='ltr'><strong>hospitibus,</strong></span> <span class='ocrx_word' id='word_1_115' title='bbox 828 2611 863 2670; x_wconf 87' lang='lat' dir='ltr'><strong>ut</strong></span> <span class='ocrx_word' id='word_1_116' title='bbox 874 2605 1034 2672; x_wconf 84' lang='lat' dir='ltr'><strong>utilitates</strong></span> <span class='ocrx_word' id='word_1_117' title='bbox 1051 2605 1298 2688; x_wconf 89' lang='lat' dir='ltr'><strong>possessionum</strong></span> <span class='ocrx_word' id='word_1_118' title='bbox 1314 2601 1358 2669; x_wconf 83' lang='lat' dir='ltr'><strong>ad</strong></span> <span class='ocrx_word' id='word_1_119' title='bbox 1369 2603 1466 2686; x_wconf 85' lang='lat' dir='ltr'><strong>ipsam</strong></span> <span class='ocrx_word' id='word_1_120' title='bbox 1553 2641 1554 2654; x_wconf 39' lang='grc' dir='ltr'><strong>ι</strong></span> 
     </span>
     <span class='ocr_line' id='line_1_15' title="bbox 350 2709 1467 2798; baseline -0.002 -21"><span class='ocrx_word' id='word_1_121' title='bbox 350 2713 519 2778; x_wconf 86' lang='lat' dir='ltr'><strong>ciuitatem</strong></span> <span class='ocrx_word' id='word_1_122' title='bbox 544 2713 780 2797; x_wconf 78' lang='lat' dir='ltr'><strong>pertinencium</strong></span> <span class='ocrx_word' id='word_1_123' title='bbox 807 2713 993 2798; x_wconf 84' lang='lat' dir='ltr'><strong>percipiant</strong></span> <span class='ocrx_word' id='word_1_124' title='bbox 1012 2716 1046 2780; x_wconf 92' lang='lat' dir='ltr'><strong>iu</strong></span> <span class='ocrx_word' id='word_1_125' title='bbox 1063 2714 1135 2798; x_wconf 91' lang='lat' dir='ltr'><strong>ipso</strong></span> <span class='ocrx_word' id='word_1_126' title='bbox 1153 2719 1264 2780; x_wconf 90' lang='lat' dir='ltr'><strong>castro</strong></span> <span class='ocrx_word' id='word_1_127' title='bbox 1280 2709 1467 2785; x_wconf 86' lang='lat' dir='ltr'><strong>residentes,</strong></span> 
     </span>
     <span class='ocr_line' id='line_1_16' title="bbox 352 2816 1468 2904; baseline -0.006 -19"><span class='ocrx_word' id='word_1_128' title='bbox 352 2819 476 2886; x_wconf 89' lang='lat' dir='ltr'><strong>nullam</strong></span> <span class='ocrx_word' id='word_1_129' title='bbox 503 2829 598 2886; x_wconf 78' lang='lat' dir='ltr'><strong>extra</strong></span> <span class='ocrx_word' id='word_1_130' title='bbox 623 2818 842 2887; x_wconf 88' lang='lat' dir='ltr'><strong>residentibus</strong></span> <span class='ocrx_word' id='word_1_131' title='bbox 869 2819 978 2886; x_wconf 86' lang='lat' dir='ltr'><strong>dando</strong></span> <span class='ocrx_word' id='word_1_132' title='bbox 994 2820 1183 2904; x_wconf 89' lang='lat' dir='ltr'><strong>porcionem</strong></span> <span class='ocrx_word' id='word_1_133' title='bbox 1199 2817 1241 2885; x_wconf 92' lang='lat' dir='ltr'><strong>de</strong></span> <span class='ocrx_word' id='word_1_134' title='bbox 1258 2817 1394 2885; x_wconf 90' lang='lat' dir='ltr'><strong>eisdem.</strong></span> <span class='ocrx_word' id='word_1_135' title='bbox 1410 2816 1468 2880; x_wconf 83' lang='lat' dir='ltr'><strong>Da·</strong></span> 
     </span>
     <span class='ocr_line' id='line_1_17' title="bbox 352 2925 1468 3015; baseline -0.004 -24"><span class='ocrx_word' id='word_1_136' title='bbox 352 2932 419 2992; x_wconf 91' lang='lat' dir='ltr'><strong>tum</strong></span> <span class='ocrx_word' id='word_1_137' title='bbox 437 2947 541 3012; x_wconf 89' lang='lat' dir='ltr'><strong>prope</strong></span> <span class='ocrx_word' id='word_1_138' title='bbox 558 2927 782 3015; x_wconf 81' lang='lat' dir='ltr'><strong>luanushyda</strong></span> <span class='ocrx_word' id='word_1_139' title='bbox 798 2928 831 2992; x_wconf 92' lang='lat' dir='ltr'><strong>iu</strong></span> <span class='ocrx_word' id='word_1_140' title='bbox 848 2929 935 2994; x_wconf 85' lang='lat' dir='ltr'><strong>festo</strong></span> <span class='ocrx_word' id='word_1_141' title='bbox 952 2927 1065 2993; x_wconf 88' lang='lat' dir='ltr'><strong>Sancti</strong></span> <span class='ocrx_word' id='word_1_142' title='bbox 1083 2925 1205 2994; x_wconf 88' lang='lat' dir='ltr'><strong>Jakobi</strong></span> <span class='ocrx_word' id='word_1_143' title='bbox 1216 2925 1378 3010; x_wconf 84' lang='lat' dir='ltr'><strong>Apostoli,</strong></span> <span class='ocrx_word' id='word_1_144' title='bbox 1389 2942 1468 2989; x_wconf 87' lang='lat' dir='ltr'><strong>anno</strong></span> 
     </span>
     <span class='ocr_line' id='line_1_18' title="bbox 351 3034 1036 3119; baseline 0 -19"><span class='ocrx_word' id='word_1_145' title='bbox 351 3035 483 3100; x_wconf 89' lang='lat' dir='ltr'><strong>Domini</strong></span> <span class='ocrx_word' id='word_1_146' title='bbox 499 3034 562 3101; x_wconf 79' lang='grc' dir='ltr'><strong>Μ-0</strong></span> <span class='ocrx_word' id='word_1_147' title='bbox 578 3035 663 3106; x_wconf 67' lang='lat' dir='ltr'><strong>(io-⁰</strong></span> <span class='ocrx_word' id='word_1_148' title='bbox 679 3035 904 3119; x_wconf 85' lang='lat' dir='ltr'><strong>octuagesimo</strong></span> <span class='ocrx_word' id='word_1_149' title='bbox 920 3035 1036 3101; x_wconf 89' lang='lat' dir='ltr'><strong>tercio.</strong></span> 
     </span>
    </p>
   </div>
   <div class='ocr_carea' id='block_1_3' title="bbox 453 3224 1377 3390">
    <p class='ocr_par' dir='ltr' id='par_1_3' title="bbox 453 3224 1377 3390">
     <span class='ocr_line' id='line_1_19' title="bbox 453 3224 1377 3303; baseline -0.01 -17"><span class='ocrx_word' id='word_1_150' title='bbox 453 3229 551 3303; x_wconf 80' lang='lat' dir='ltr'><strong>(Nagy</strong></span> <span class='ocrx_word' id='word_1_151' title='bbox 564 3229 765 3303; x_wconf 75' lang='lat' dir='ltr'><strong>hetpeeaettel.</strong></span> <span class='ocrx_word' id='word_1_152' title='bbox 791 3229 929 3286; x_wconf 83' lang='lat' dir='ltr'><strong>Eredulie</strong></span> <span class='ocrx_word' id='word_1_153' title='bbox 942 3227 1055 3302; x_wconf 83' lang='lat' dir='ltr'><strong>Sopron</strong></span> <span class='ocrx_word' id='word_1_154' title='bbox 1068 3226 1154 3286; x_wconf 79' lang='lat' dir='ltr'><strong>utros</strong></span> <span class='ocrx_word' id='word_1_155' title='bbox 1167 3224 1377 3284; x_wconf 74' lang='lat' dir='ltr'><strong>leveltelrdban.</strong></span> 
     </span>
     <span class='ocr_line' id='line_1_20' title="bbox 788 3321 1038 3390; baseline 0 -17"><span class='ocrx_word' id='word_1_156' title='bbox 788 3321 899 3375; x_wconf 79' lang='lat' dir='ltr'><strong>Holcont&#39;</strong></span> <span class='ocrx_word' id='word_1_157' title='bbox 912 3323 1038 3390; x_wconf 62' lang='lat' dir='ltr'><strong>Mitule.)</strong></span> 
     </span>
    </p>
   </div>
   <div class='ocr_carea' id='block_1_4' title="bbox 0 0 1592 5170">
    <p class='ocr_par' dir='ltr' id='par_1_4' title="bbox 0 0 1592 5170">
     <span class='ocr_line' id='line_1_21' title="bbox 0 0 1592 5170; baseline 0 0"><span class='ocrx_word' id='word_1_158' title='bbox 0 0 1592 5170; x_wconf 95' lang='lat' dir='ltr'><strong> </strong></span> 
     </span>
    </p>
   </div>
  </div>
 </body>
</html>
