3154 5166
655 977 739 1044 229.

129 1156 168 1242 2)
181 1158 242 1222 IV.
253 1157 372 1224 Marto
376 1160 469 1246 pcipe
487 1158 545 1224 IV.
563 1157 678 1224 Lazos
686 1182 817 1247 stappae·
828 1161 949 1248 kirdlyt
965 1161 1037 1240 icti,
1047 1161 1126 1248 bopp
1142 1161 1258 1226 Benee

196 1278 272 1332 auto
282 1265 408 1352 ptteplilc
424 1268 455 1332 ds
471 1265 608 1353 apostoli
622 1267 711 1332 lcb‘eet
726 1272 895 1334 tandcsrtrc
911 1269 1064 1356 dajoljon.
1087 1270 1184 1335 1290.

240 1480 398 1550 Nicolaus
424 1481 607 1569 squeopus
633 1503 747 1552 seruus
769 1502 936 1554 seruorum
952 1483 1014 1551 Dei
1032 1483 1204 1553 carissimo
1223 1485 1258 1552 in

130 1593 262 1660 Christo
277 1588 344 1660 lilio
362 1589 397 1656 L.
415 1593 498 1678 Regi
515 1593 664 1678 Ungaric
680 1594 814 1680 lllnstri,
831 1595 972 1662 salutem
989 1593 1258 1679 etApostolicam

130 1699 407 1770 benedictionem.
424 1701 461 1768 Si
477 1702 620 1770 sollicite
647 1701 918 1772 considerationis
935 1702 1091 1789 indagine
1106 1722 1257 1789 perscru-

130 1809 212 1877 teris
229 1815 262 1876 et
277 1808 365 1876 inira
381 1811 557 1879 claustrum
574 1813 717 1897 pectoris
734 1812 853 1879 sedula
863 1811 1078 1879 meditatione
1094 1813 1256 1897 revolvas,

131 1919 300 1985 evidenter
317 1938 486 2004 agnosces,
498 1920 622 2005 tibique
640 1920 756 1988 lucidis
773 1920 902 2005 patebit
918 1919 1158 2004 indiciis,quod
1169 1921 1256 1989 circe

129 2047 308 2115 personam
325 2033 416 2095 tuam
433 2028 581 2096 Romana
597 2027 759 2113 Ecclesia,
778 2035 890 2113 utpote
905 2028 1041 2117 pietatis
1057 2030 1184 2115 amica,
1201 2031 1255 2098 be·

129 2137 293 2224 nignitate
310 2138 412 2224 plena
428 2145 462 2204 et
478 2140 620 2205 amatrix
638 2138 781 2206 sollicita
806 2139 945 2206 filiorum
962 2145 1111 2207 matema
1128 2139 1257 2210 viscere

128 2246 276 2332 baiulat,
294 2252 441 2314 materne
458 2258 568 2314 servat
594 2248 777 2316 dilectionis
795 2247 967 2332 affectum,
987 2247 1064 2316 dum
1075 2299 1084 2333 ,
1110 2247 1173 2316 etsi
1197 2267 1256 2337 per

129 2355 306 2423 insolentie
322 2374 434 2442 opera,
451 2355 627 2441 pravitatis
644 2364 739 2426 actus
755 2376 921 2441 aususque
937 2356 1091 2440 illicitos,
1108 2375 1150 2424 ne
1167 2357 1256 2426 diea-

128 2485 202 2534 mus
219 2464 407 2551 nepharios,
425 2485 487 2548 que
504 2467 629 2534 cautius
645 2467 754 2534 vitare
770 2467 943 2551 debueras,
959 2465 1002 2534 ab
1019 2465 1123 2553 ipsius
1140 2468 1255 2534 Eccle-

128 2577 181 2642 sie
206 2573 380 2643 devotione
404 2561 599 2660 recesseris,
626 2584 767 2661 tequea
792 2576 940 2644 dulcibus
958 2575 1029 2643 eius
1046 2575 1255 2661 amplexibus

127 2683 349 2768 elongaveris,
367 2684 442 2770 ipsa
471 2693 581 2754 tamen
598 2690 653 2752 tue
670 2685 787 2752 salutis
805 2687 907 2754 anxia
923 2691 956 2753 et
973 2684 1068 2770 Regii
1088 2683 1252 2754 desidera·

128 2793 196 2860 trix
212 2793 453 2880 honoris,nete
464 2795 497 2860 in
508 2796 711 2883 precipitium
729 2796 822 2863 abire
840 2794 1051 2880 contingeret,
1068 2801 1126 2862 aut
1142 2795 1254 2863 intem

125 2903 379 2990 irreparabilem
392 2923 504 2972 casum
514 2905 681 2973 ruinosum
697 2905 888 2988 incurreres,
899 2907 954 2972 uel
966 2906 1000 2970 in
1010 2903 1168 2972 malorum
1181 2922 1254 2986 pro-

127 3011 265 3079 fondum
281 3013 495 3098 periculosius
511 3012 682 3095 labereris,
693 3019 726 3082 te
741 3019 910 3096 tamquam
925 3012 1027 3080 filium
1037 3011 1254 3099 predilcotum

127 3144 150 3190 a
177 3122 232 3190 via
256 3124 344 3192 mala
368 3123 544 3210 pravisque
568 3124 734 3192 retrahere
760 3123 897 3206 studiis,
926 3123 971 3192 ad
990 3128 1084 3190 actus
1100 3139 1254 3188 reuocare

127 3231 315 3300 laudabiles
341 3230 434 3298 etad
455 3233 605 3300 semitam
622 3232 801 3301 salutarem
818 3234 940 3318 sategit
955 3232 1127 3314 hactenus,
1146 3236 1180 3297 et
1195 3230 1252 3298 ad·

125 3343 191 3410 buc
207 3340 331 3428 satagit
348 3361 489 3430 operosa
503 3343 671 3426 reducere,
688 3343 830 3412 studium
855 3343 1045 3410 adhibendo
1061 3341 1248 3423 sollicitum,
1287 3405 1293 3420 ,

127 3470 291 3536 opemque
315 3451 530 3539 multiplicem
554 3451 745 3536 tribuendo,
764 3457 798 3519 ut
814 3471 855 3518 ex
870 3452 965 3519 huius
981 3469 1040 3518 sne
1057 3448 1248 3516 sedulitatis

125 3559 297 3628 laboribus
322 3560 430 3646 optati
453 3559 578 3630 tructus
606 3563 755 3628 cumulus
782 3561 978 3646 proveniret
995 3559 1168 3628 Credimus
1185 3564 1251 3624 ete-

125 3669 196 3734 nim
221 3669 357 3755 Regiam
383 3670 524 3736 rctinerc
551 3672 749 3743 memoriam,
767 3670 907 3754 qualiter
923 3668 1002 3738 olim
1018 3667 1124 3735 felicis
1141 3685 1250 3733 recor·

126 3777 271 3845 dationis
287 3778 445 3846 Nicolans
462 3780 555 3864 Papa
571 3781 707 3862 tertius,
734 3778 948 3866 prodecessor
963 3784 1085 3856 noster,
1102 3776 1145 3842 ad
1162 3783 1249 3842 tunm

125 3895 161 3954 ct
187 3886 292 3972 Regni
315 3883 463 3971 Ungurie
488 3893 610 3956 statum
626 3887 797 3975 pacificum
825 3894 859 3954 et
875 3887 1084 3972 tranquillum
1101 3885 1250 3952 sollerter

124 3995 320 4078 intendens,
346 4017 387 4064 ec
403 3997 568 4064 ferventer
585 3997 737 4083 cupiens,
765 4006 798 4064 ut
814 3997 939 4066 sedatis
955 3995 1106 4077 omnino,
1132 3993 1250 4078 quibus

123 4109 277 4190 Regnum
304 4106 412 4193 ipsum
428 4113 506 4176 tunc
522 4108 678 4195 temporis
695 4108 921 4194 operiebatur,
948 4103 1102 4174 fluctibus
1120 4104 1246 4190 procel-

121 4214 218 4298 losis,
235 4235 382 4300 quosque
398 4216 507 4284 adhuc
523 4215 703 4302 probdolor
717 4217 814 4284 turbo
841 4216 1030 4284 continuate
1045 4213 1247 4280 turbationis

123 4325 282 4408 adauget,
298 4325 444 4408 Regnum
459 4325 565 4412 ipsum
580 4327 624 4392 ad
642 4326 751 4392 votive
778 4323 928 4393 stationis
945 4325 1149 4410 contingeret
1164 4341 1248 4388 com·

123 4431 228 4500 moda
251 4432 408 4519 reuocari,
434 4433 656 4502 venerabilem
672 4432 807 4500 fratrem
822 4438 965 4498 nostrum
983 4481 989 4496 .
1007 4481 1015 4498 .
1034 4481 1042 4498 .
1059 4431 1247 4498 Firmanum

122 4542 328 4628 Episcopum
344 4541 387 4611 ad
403 4545 548 4629 Regnum
564 4544 671 4629 ipsum
687 4541 781 4610 duxit
790 4540 987 4608 fiducialiter
1004 4537 1244 4624 destinandum,

123 4651 302 4730 commisso
318 4650 351 4726 in
367 4671 408 4746 eo
425 4653 489 4726 sibi
504 4651 677 4748 legationis
706 4649 826 4735 officio,
844 4656 880 4724 ut
896 4649 985 4722 circa
1000 4656 1120 4728 statum
1140 4649 1248 4728 huius·
