3142 5170
821 414 960 428 -ῳ

324 519 475 582 anostra
498 519 532 580 et
555 518 742 582 nostrorum
768 511 957 580 officialium
968 513 1150 599 judiciaria
1165 519 1342 600 potestate,
1358 537 1451 586 man-

324 622 443 688 dantes
459 627 492 686 et
507 621 717 704 iniungentes
732 622 828 690 vobis
843 619 965 692 nostris
990 621 1188 709 officialibus
1214 628 1247 690 et
1267 621 1449 692 collectori·

322 731 383 797 bus
396 729 567 806 uniuersis,
584 735 618 796 et
632 731 821 814 specialiter
833 730 1064 798 conseruatori
1076 731 1187 800 Gestri
1202 735 1236 796 et
1252 729 1379 805 curiali
1388 730 1447 798 Co

320 839 390 904 miti
399 837 593 904 Posonieusi
610 837 776 907 acOcruiti
792 837 958 923 hospitum
973 837 1226 908 Oestrifirmiter
1243 843 1276 906 et
1291 837 1445 920 discrete,

320 964 362 1011 ne
372 945 494 1028 aliquis
511 949 656 1010 uestrum
667 945 863 1034 adpopulos
880 943 1050 1036 sepedicto
1060 946 1271 1030 Propositum
1287 953 1321 1012 et
1331 947 1443 1016 lisele

322 1052 592 1121 siePosonieusis
610 1053 743 1138 citandi,
765 1054 819 1120 uel
831 1053 1018 1139 judicandi,
1029 1060 1087 1121 aut
1096 1055 1270 1122 collectam
1282 1053 1448 1139 exigendi,

203 1247 206 1254 Ι
322 1179 381 1226 seu
397 1159 609 1227 exaccionem
626 1161 772 1244 aliquam
789 1159 952 1246 faciendi,
980 1161 1034 1227 uel
1059 1161 1195 1244 aliquod
1220 1161 1329 1228 honus
1344 1161 1446 1248 impo-

322 1265 422 1334 nendi
438 1269 612 1335 occasione
637 1276 806 1358 presumat
822 1269 999 1336 extendere
1015 1287 1132 1336 uranus
1149 1289 1250 1354 suns,
1275 1270 1382 1336 autin
1399 1271 1445 1338 eis

322 1375 373 1442 ius
390 1371 454 1441 sibi
470 1375 615 1460 aliquod,
634 1375 689 1443 uel
705 1375 972 1445 iurisdiccionem
988 1377 1135 1461 aliquam
1151 1396 1344 1462 quocunque
1359 1378 1445 1462 inge

325 1482 379 1550 nio
395 1483 593 1569 uendicare;
611 1483 758 1568 alioquin
775 1485 926 1571 poteritis
942 1485 1054 1552 no'stre
1069 1471 1314 1571 indignacionis
1341 1485 1443 1551 uindi-

320 1597 406 1658 ctam
422 1611 487 1657 non
502 1591 664 1658 immerito
680 1591 867 1659 formidare.
885 1591 1005 1658 Datum
1022 1592 1158 1679 Posonij
1172 1593 1207 1660 in
1223 1593 1351 1661 octonis
1361 1595 1442 1680 Apo

320 1699 478 1768 stolorum
495 1699 585 1766 Petri
601 1706 634 1768 et
648 1699 744 1767 Pauli
759 1719 848 1769 auno
858 1697 991 1767 Domini
1005 1700 1057 1769 Ml
1072 1699 1144 1770 00⁰
1159 1700 1302 1767 LXXX⁰
1317 1705 1442 1784 quarto.

319 1890 452 1967 (Hirtya.
475 1891 625 1965 Haltulydn
648 1911 666 1948 a
687 1891 883 1967 peosdtnyom.
896 1893 1183 1967 Pousonylrdptalani
1213 1892 1443 1966 magtnlevtlttr

624 1981 721 2056 Capsa
736 1985 852 2042 BFaso.
865 1987 891 2042 2.
908 1983 959 2040 Νι.
973 1985 1000 2041 i.
1020 1986 1141 2053 Kaous.)

742 2278 1009 2294 m

843 2809 916 2876 ror.

313 3005 445 3070 Rotcnd
459 3005 579 3091 erdelys'
593 3005 694 3092 ocjda
703 3005 861 3091 wespa
876 3029 898 3070 a
907 3006 1053 3072 (ἰέπυάνί
1067 2957 1264 3090 occdtqetci,
1276 3005 1359 3092 hoqy
1374 3006 1438 3070 dhet
1561 3087 1562 3112 ἦ

323 3111 358 3176 V.
374 3111 485 3178 latoria
500 3113 531 3175 es
546 3109 610 3176 IV.
626 3109 741 3178 screto
753 3110 836 3176 ditat
850 3111 939 3176 adott
963 3111 1309 3198 tndocqteoctrrtooa
1317 3111 1438 3200 foqlolt
1561 3117 1562 3188 l

571 3217 874 3284 swdcdclmcr'kboa
888 3225 1065 3306 meqtortjc.
1083 3221 1181 3288 1284.

382 3479 385 3484 .
418 3412 488 3482 Nos
508 3412 679 3483 Rolandos
695 3413 878 3502 Voyauodn
893 3415 1167 3504 Transsiluanus,
1182 3417 1300 3488 Comes
1316 3417 1358 3486 de
1382 3421 1437 3488 Zo.
1561 3399 1562 3440 l

313 3521 401 3606 nuh,
428 3521 586 3591 memorie
611 3522 880 3592 commendantes
906 3521 1129 3609 significamus
1153 3525 1270 3608 quibus
1302 3529 1437 3612 expedit

313 3627 477 3698 uniuersis
501 3631 709 3717 presencium
735 3650 794 3716 per
818 3637 982 3718 tenorem,
1019 3632 1108 3715 quod
1134 3651 1194 3700 nos
1221 3631 1369 3720 hospites
1394 3635 1434 3702 dc

314 3734 394 3805 uilla
409 3738 608 3825 Decswasr,
635 3737 819 3807 dimisimus
846 3749 877 3805 et
887 3740 1079 3825 reliquimus
1095 3759 1289 3826 permanere
1304 3742 1438 3828 pacifice

312 3843 346 3908 in
373 3844 498 3914 eisdem
524 3843 750 3930 libertatibus,
776 3865 859 3932 quas
885 3847 920 3916 in
935 3847 1119 3934 priuilegijs
1135 3848 1259 3916 domini
1275 3850 1437 3936 Stephani

310 3951 435 4036 Regis,
459 3953 514 4039 pie
539 3952 715 4038 memorie,
742 3961 775 4022 ct
790 3954 912 4023 domini
928 3957 1032 4024 nostri
1048 3955 1198 4026 Ladislai
1215 3955 1319 4025 inoliti
1335 3957 1438 4044 Regis

309 4058 491 4144 Hongarie,
507 4079 607 4148 super
624 4060 832 4132 libertatibus
848 4063 1068 4150 predictorum
1086 4064 1250 4152 hospitum
1267 4065 1438 4148 conlectis,

309 4185 367 4251 per
394 4166 527 4234 eosdem
555 4169 702 4254 hospites
729 4171 825 4240 nobis
842 4170 997 4240 exhibitis
1014 4177 1048 4238 ct
1063 4169 1229 4258 perlectis,
1244 4171 1377 4258 plenius
1393 4175 1437 4239 ui·

308 4271 415 4342 dimus
433 4275 616 4362 contineri,
641 4279 916 4361 quenadmodum
943 4281 1050 4350 eciam
1075 4280 1280 4368 tenporibus
1296 4281 1437 4350 aliorum

310 4381 568 4468 Voyauodarum
584 4381 906 4475 Traussiluanorum,
922 4395 1170 4456 antecessorum
1185 4393 1378 4472 nostrorum,
1393 4389 1436 4454 si·

307 4494 362 4556 cut
376 4489 413 4558 iu
430 4490 549 4562 litteris
565 4494 757 4578 patentibus
767 4495 954 4582 eorundem,
970 4498 1052 4586 ipsis
1062 4495 1244 4583 hospitibus
1260 4515 1359 4582 super
1370 4495 1437 4564 hoc

305 4597 476 4669 concessis
495 4605 530 4668 et
545 4600 641 4668 nobis
659 4601 823 4692 exhibitis,
839 4605 1000 4676 contineri
1016 4603 1169 4691 uidimus,
1187 4603 1267 4674 dicti
1282 4603 1437 4690 hospites
