3116 5166
111 1161 173 1250 24)
189 1161 221 1230 A
233 1165 325 1249 palpo
341 1160 478 1248 sulopor
487 1159 691 1248 fclp'oqosttp'a
700 1211 709 1247 ,
739 1162 820 1250 kopp
835 1184 873 1228 uz
889 1165 921 1232 b't
944 1165 1031 1233 illatd
1045 1164 1243 1252 providetur

574 1269 786 1338 kb'vetclbcsse.

219 1467 378 1538 Nicolsus
402 1467 589 1558 Episcopus
615 1488 731 1538 seruus
760 1489 930 1542 seruorum
952 1471 1034 1558 Dei,
1060 1469 1242 1542 venerabili

110 1579 208 1647 fratri
234 1577 386 1667 Philippo
410 1578 575 1666 Episcopo
602 1577 759 1648 Firmano
785 1581 977 1668 Apostolico
1002 1579 1099 1650 Sedis
1115 1581 1240 1666 Legato

110 1689 253 1756 salntem
270 1693 304 1754 ct
330 1685 556 1772 Apostolioam
581 1687 857 1757 benedictionem.
875 1690 955 1758 (lum
971 1696 1004 1758 te
1020 1687 1064 1758 ad
1081 1685 1239 1776 Ungarie,

110 1797 251 1866 Polonie
261 1845 271 1880 ‚
288 1793 458 1863 Dalmatis
468 1843 478 1880 ‚
496 1794 649 1880 Oroatis,
665 1799 770 1866 Remo
780 1847 789 1882 ,
807 1797 932 1882 Servis,
950 1797 1153 1882 Lcdomerie‚
1171 1797 1241 1864 Ga-

108 1905 183 1972 litis
200 1911 232 1972 et
250 1902 409 1972 Cumanis
425 1909 549 1992 partes,
566 1904 626 1971 tibi
653 1905 826 1974 commisso
853 1905 934 1974 inibi
949 1906 1047 1994 plene
1064 1905 1241 1992 legationis

110 2013 233 2096 officio,
251 2033 311 2102 pro
327 2013 522 2100 urgentibus
539 2019 572 2081 et
588 2011 702 2086 arduis
727 2015 872 2102 negotiis
887 2015 1109 2100 destinemus,
1136 2015 1170 2082 in
1187 2012 1241 2080 de·

110 2123 247 2192 sideriis
263 2122 385 2191 nostris
401 2123 536 2207 geritur,
555 2132 590 2190 ut
606 2123 766 2192 submotis
783 2123 1029 2211 impedimentis
1041 2123 1242 2208 quibuslibet

109 2230 300 2300 huiusmodi
316 2229 453 2316 negotia
469 2250 664 2318 prosperum
681 2239 922 2315 consequantur
939 2231 1108 2317 effeetum5
1125 2231 1240 2299 frater-

108 2340 209 2408 nitsti
225 2345 293 2426 luc,
308 2345 345 2405 ut
358 2339 608 2424 procurationes
624 2339 685 2407 tibi
702 2339 844 2424 debitus,
863 2337 976 2407 eadem
1003 2339 1168 2424 legatione
1185 2341 1241 2408 du·

108 2452 219 2530 rante,
236 2451 303 2538 tum
321 2445 354 2510 in
372 2445 536 2530 absentia,
553 2465 653 2532 puam
671 2447 705 2512 in
721 2445 891 2532 presentia
907 2454 1020 2532 petere
1037 2466 1077 2512 ac
1093 2447 1240 2534 recipere

106 2556 215 2622 libero
245 2551 380 2639 valcas,
408 2551 668 2621 contradictores
695 2574 947 2640 percensuram
974 2555 1240 2623 ecclesiasticam

109 2660 343 2748 appellatione
368 2660 553 2746 postposita
581 2663 839 2749 compescendo,
865 2664 1000 2749 plenam
1026 2663 1240 2732 concedimus

107 2770 309 2837 auctoritate
325 2768 528 2856 presentium
545 2767 746 2838 facultatem.
763 2771 887 2838 Datum
903 2771 1040 2841 Viterbii
1056 2772 1099 2840 X.
1118 2770 1240 2840 Kalen·

107 2879 168 2948 das
187 2877 357 2965 Octobris,
374 2875 588 2948 Pontificatus
604 2879 709 2947 nostri
725 2897 813 2950 anno
830 2879 947 2968 primo.

211 3073 273 3146 (111.
290 3073 398 3130 Miklds
412 3071 491 3146 pdpa
502 3071 703 3146 Regestdibdl
716 3072 846 3132 Theinsr
859 3073 897 3130 id.
911 3090 946 3129 m.
961 3073 983 3130 l.
993 3073 1022 3132 k.
1036 3073 1098 3132 333.
1111 3073 1142 3145 l.)

651 3904 709 3970 82.

96 4129 151 4193 25
145 4123 169 4212 )
195 4123 226 4191 A
239 4128 329 4214 popa
344 4121 479 4211 scrupos
487 4121 709 4209 prouisidiuok
724 4119 927 4188 tclcictctdbers
950 4119 1134 4186 rouecestre·
1150 4118 1238 4184 bato·

504 4230 633 4296 lommul
646 4225 851 4314 fols-sclusas.

59 4535 69 4550 ο
219 4449 378 4519 Nicolans
403 4448 587 4533 Episcopus
617 4465 734 4516 seruus
761 4464 931 4515 seruorum
956 4446 1030 4530 Dei,
1058 4441 1244 4515 venerabili

91 4557 204 4628 fratri
228 4557 383 4644 Philippo
416 4556 585 4644 Episcopo
611 4555 771 4624 Eirmono
796 4553 986 4641 Apostolios
1002 4553 1100 4621 Sedis
1117 4552 1242 4632 chsto

89 4667 248 4743 salutem
272 4669 307 4734 st
330 4665 558 4754 Apostolicam
599 4663 874 4742 benedictionum,
892 4661 971 4730 dum
987 4668 1020 4732 tc
1038 4657 1080 4726 ad
1098 4655 1241 4748 Ungsris
