3142 5170
581 313 735 416 pp-

102 508 272 575 serrantia
298 514 330 576 et
353 511 602 595 perseverantia
624 510 701 579 fidei
726 509 888 600 prelibate
913 509 1026 580 loreas
1042 517 1076 579 et
1089 513 1213 582 consor·

99 623 172 684 les:
200 615 247 681 ita
271 616 359 698 qnod
386 617 417 682 in
444 617 491 694 tui
514 618 637 688 ventris
654 617 759 686 fructu
776 619 880 701 letari,
898 625 930 686 et
946 618 1118 689 benedicta
1134 621 1215 688 inter

97 723 246 790 mulieres
262 726 372 792 vocari
388 746 411 792 a
428 727 568 795 Domino
585 728 760 811 merearis;
777 727 942 815 predictos
955 748 1082 814 qnoque
1098 731 1215 798 fratres

96 832 224 898 babens
240 853 300 918 pro
319 833 444 904 Divina
460 841 575 905 nostra
591 836 776 904 reverentia
800 837 996 924 propensius
1012 835 1214 906 commenda·

96 944 169 1025 tos,
193 940 242 1006 sic
268 960 325 1008 sos
353 941 464 1009 lavore
481 943 634 1011 benivolo
654 945 881 1031 prosequaris,
909 944 996 1030 quod
1011 953 1069 1014 tna
1084 951 1215 1032 propter

97 1044 158 1112 boc
183 1049 313 1118 devotio
341 1049 447 1136 dignis
474 1053 580 1140 possit
603 1058 638 1120 in
657 1051 797 1122 Domino
814 1053 966 1123 laudibus
983 1053 1213 1124 commendari.

97 1154 218 1223 Datum
230 1157 332 1226 Reate
342 1157 395 1225 VI.
408 1158 487 1228 Idus
500 1161 647 1247 Augusti,
660 1162 871 1232 Pontificatus
884 1165 988 1233 nostri
1003 1183 1089 1234 anno
1100 1166 1214 1252 primo.

195 1350 256 1422 (IV.
271 1351 377 1412 Miklta
390 1352 468 1427 pdpa
480 1355 678 1430 Regeatdibdl,
693 1358 819 1416 Tbeiner
831 1359 869 1416 id.
883 1378 919 1416 m.
932 1359 954 1416 1.
967 1361 995 1418 k.
1011 1362 1071 1420 269.
1085 1361 1117 1435 l.)

547 1659 766 1671 ——·--.-.—..

624 2204 707 2272 ²⁰4.

95 2385 117 2448 Ι
121 2385 158 2451 V.
175 2383 293 2450 Milolds
301 2385 396 2472 popo
412 2379 472 2448 IV.
488 2371 604 2448 dorato
616 2383 880 2472 mapyur·kc'udlyt
892 2385 962 2471 irati,
979 2385 1057 2476 kopp
1074 2409 1095 2454 o
1110 2387 1215 2454 kuook

95 2491 322 2582 tdrsncdpdoal
330 2490 534 2578 selbapyoda,
559 2495 647 2558 mmet
662 2517 683 2556 a
698 2492 861 2560 lcartbolikc
876 2494 977 2562 lictae
992 2497 1099 2584 tery'dra.
1118 2498 1215 2570 1288.
1277 2493 1280 2500 ’

204 2689 363 2758 Nicolaus
379 2689 563 2776 Episcopus
588 2711 702 2760 seruus
729 2711 894 2761 seruorum
916 2693 978 2760 Dei
995 2693 1166 2762 carissimo
1182 2695 1214 2761 in

95 2797 231 2867 Christo
247 2797 313 2864 blio
325 2803 436 2866 nostro
447 2797 483 2862 L.
494 2798 578 2885 Regi
589 2798 736 2884 Ungarie
746 2801 868 2870 Illustri
878 2801 1016 2869 salntem
1027 2809 1061 2869 et
1077 2803 1214 2890 Aposto-

92 2908 197 2976 licam
206 2906 473 2975 benedictionem.
486 2907 521 2974 Si
531 2927 648 2992 sparsa
659 2909 784 2976 semina
795 2909 966 2995 degremio
978 2911 1091 2978 llatris
1102 2911 1214 2979 Eccle·
1314 2961 1318 2972 ,

94 3015 146 3084 sie
158 3013 324 3082 seminata
341 3014 523 3099 colligeres,
540 3017 657 3084 Divino
673 3017 779 3102 gratie
794 3019 1045 3109 participatione
1062 3020 1212 3104 sentires,

93 3123 188 3208 qnod
202 3125 278 3209 ipsa
288 3123 438 3192 Ecclesia
448 3126 689 3210 progenitorum
700 3134 825 3195 tuorum
841 3128 956 3196 merita
965 3129 1053 3196 clara
1063 3148 1214 3197 rememo-

91 3241 232 3318 rams‚ts
244 3229 389 3301 baiulare
399 3254 439 3301 ac
449 3233 574 3302 laetere
584 3235 837 3320 capitutfilinm,
847 3234 1019 3305 attendam
1032 3257 1131 3305 causa
1141 3257 1214 3323 sng-

91 3349 243 3428 gerente,
254 3341 411 3409 maternis
421 3341 681 3430 allocutionibus,
692 3363 733 3410 ne
744 3344 792 3412 sie
808 3343 932 3412 clarum
943 3365 1076 3430 germen
1087 3343 1214 3414 decide·

90 3457 194 3535 ret‚te
205 3449 391 3517 informarit
402 3469 442 3518 ec
454 3449 571 3518 direxit
583 3451 759 3520 indefessis
769 3433 1046 3521 sollicitudinibus
1057 3452 1214 3520 etstudiis

92 3559 276 3645 oportunis,
294 3559 483 3645 specialiter
498 3580 519 3626 a
534 3567 681 3647 tempore
697 3559 804 3628 felicis
821 3561 1056 3629 recordationis
1071 3561 1110 3628 N.
1126 3563 1217 3647 Pape

92 3667 343 3755 predecessoris
355 3668 468 3753 nostri,
481 3676 577 3754 pront
586 3669 691 3753 ipius
702 3669 944 3756 predecessoris
954 3675 1046 3738 actus
1057 3668 1216 3736 salutiferi

93 3783 338 3862 representant.
355 3775 420 3844 Sed
437 3775 623 3863 prohdolor,
640 3776 725 3844 sicut
735 3777 875 3846 dirersis
887 3777 1055 3863 scripturis
1066 3777 1214 3845 etrelati·

92 3887 207 3955 basac
217 3884 303 3951 alias
313 3883 402 3951 lama
412 3885 729 3973 divulgante,amare
738 3885 988 3973 percepimns‚tn
997 3886 1135 3954 desertis
1145 3905 1216 3971 pro·

91 3993 285 4079 genitorum
295 3993 639 4080 eorundemvestigiis,
649 3994 780 4062 lallibili
790 3995 986 4065 collnssione
1003 3995 1215 4082 degenerans,

91 4103 181 4170 licet
189 4101 359 4170 interdum
370 4101 514 4171 eiusdem
524 4102 636 4169 matria
647 4101 929 4170 exhortationibus
940 4103 1149 4188 acquiescere
1160 4123 1216 4170 ore

91 4211 442 4298 pretenderes,tamen
459 4211 493 4276 in
508 4211 632 4279 ruinam
643 4217 761 4296 sponte
778 4211 927 4296 prosilire
937 4211 1128 4297 dinosceris,
1140 4211 1216 4280 dum

90 4323 206 4387 Deum
223 4327 450 4404 contempnere
475 4340 541 4386 non
557 4317 700 4402 vereris,
726 4320 779 4387 vel
794 4321 935 4387 revereri
957 4322 1167 4408 contempnis,
1184 4327 1218 4388 et

94 4432 189 4498 alias
206 4429 240 4496 in
255 4427 463 4515 precipitium
479 4435 512 4494 te
528 4427 684 4514 devolvis,
711 4429 964 4496 destructionem
982 4429 1067 4496 fame
1085 4427 1217 4516 propria

92 4563 166 4610 non
185 4557 366 4625 aspernans
376 4589 386 4625 ,
412 4540 501 4604 cuins
517 4537 705 4604 notabiliter
720 4538 895 4623 prodigus,
913 4538 1041 4622 positus
1058 4557 1093 4606 es
1110 4539 1144 4606 in
1160 4559 1215 4606 no·

91 4650 205 4718 tabiis
221 4651 442 4737 spectaculum
457 4647 619 4737 gentibus,
629 4655 664 4716 nt
679 4655 835 4733 tamqnam
850 4649 1041 4718 criminosus
1059 4647 1216 4717 merearis
