3156 5158
873 264 894 328 d

796 349 964 361 .—-—-—-

321 474 426 535 antur.
451 468 490 533 In
517 465 577 530 hoc
599 463 685 531 euim
702 458 858 528 Ecclesiis
875 457 957 542 ipsis
977 458 1096 542 qnietis
1113 465 1146 525 et
1161 457 1253 542 pacis
1270 455 1436 522 eomuroda
1556 439 1557 448 ¹

322 580 540 664 procurantur.
559 571 686 639 Adros
705 571 832 653 itaque,
851 565 969 632 iratres
996 573 1028 631 et
1044 567 1123 650 filii,
1149 574 1307 652 paternus
1333 583 1437 633 sermo
1556 573 1557 634 ξ

322 684 537 766 convertitur,
552 700 612 748 vos
627 679 692 746 hiis
718 677 936 745 sollicitamus
963 673 1137 760 affatibus,
1155 693 1214 741 ros
1231 674 1351 741 talibus
1368 695 1437 742 ora·
1556 719 1557 774 l

323 793 403 860 culis
419 807 678 870 commonemus,
697 784 950 854 Universitatem
968 791 1111 850 vestram
1127 791 1307 860 monentes,
1324 803 1439 868 rogan·
1556 791 1557 842 1

321 911 393 978 tes,
408 907 441 967 et
455 887 624 966 hortantes
640 897 675 962 in
692 895 851 974 Domino,
869 909 910 958 ac
925 891 1020 958 robis
1038 892 1264 958 nichilominus
1281 912 1340 976 per
1357 894 1439 977 Apu·
1556 883 1557 886 ’

323 1009 440 1076 stolica
466 1006 590 1092 scripta
617 1003 831 1082 mandantes,
857 1005 1016 1084 quatenus
1043 1005 1224 1084 pensantes
1252 1001 1438 1084 consultius,
1556 993 1557 1000 '

323 1116 400 1202 qnid
416 1114 537 1198 Regnis
555 1109 795 1178 dissidentibus
812 1109 897 1174 inse
914 1107 994 1192 ipsis
1012 1107 1340 1193 evangelicareritas
1357 1128 1440 1176 com·
1556 1129 1557 1152 r

323 1223 469 1304 minetur,
487 1221 610 1288 evulsis
625 1220 708 1284 inter
723 1238 783 1283 ros
799 1217 997 1284 zizaniorum
1014 1214 1183 1282 radicibus
1193 1220 1225 1282 et
1236 1217 1439 1286 simulatibus

324 1331 450 1400 cunctis
468 1327 631 1413 expulsis,
648 1326 811 1392 studeatis
827 1326 1050 1390 sinceritatem
1068 1325 1216 1393 caritatis
1233 1331 1341 1392 mutue
1369 1347 1440 1394 con·
1556 1333 1557 1346 ¹

323 1441 454 1522 fovere,
479 1444 514 1503 ut
538 1456 601 1520 quo
627 1435 767 1503 solidius
783 1433 926 1516 viguerit
941 1434 1028 1500 inter
1044 1453 1103 1502 vos
1120 1433 1293 1501 caritative
1309 1435 1441 1502 unitatis
1556 1491 1557 1528 ,

324 1547 494 1630 integritas
503 1596 512 1631 ,
530 1563 569 1612 eo
595 1543 774 1630 promptius
792 1541 835 1608 ad
853 1542 1057 1608 carissimum
1074 1543 1106 1607 iu
1124 1543 1255 1611 Christo
1269 1541 1369 1608 lilium
1388 1564 1442 1610 no·

324 1663 423 1724 strum
441 1705 448 1718 .
466 1701 474 1718 .
491 1703 498 1717 .
517 1651 661 1736 Ungaric
677 1655 799 1736 Regem
825 1651 988 1716 Illustrem
1015 1651 1090 1735 pie,
1116 1669 1177 1716 nec
1203 1653 1309 1718 rninns
1335 1652 1442 1718 debite
1556 1719 1557 1746 ἢ

324 1765 506 1848 dirigentes
523 1760 724 1829 sinceritatis
743 1765 777 1826 et
793 1759 978 1827 devotionis
1004 1757 1165 1844 allectum,
1195 1765 1385 1825 constanter
1401 1761 1442 1827 ei·
1556 1789 1557 1814 2

324 1875 397 1942 dem
413 1873 447 1938 in
464 1870 738 1958 oportunitatibus
761 1867 948 1945 assistatis,
964 1868 1070 1952 ipsum
1087 1868 1267 1953 dirigentes
1294 1869 1442 1952 oonsilio,
1556 1919 1557 1960 3

326 1989 357 2049 et
373 1981 496 2049 auxilio
514 1977 689 2046 fulcientes
707 1983 844 2042 :ettam
862 1976 942 2057 sibi,
961 1995 1060 2058 qnam
1080 1978 1114 2042 in
1130 1975 1259 2044 Christo
1276 1976 1444 2044 carissime
1556 1967 1557 1976 ³

325 2089 390 2155 filie
405 2096 516 2155 nostre
533 2089 689 2155 Ysabelle
706 2087 831 2170 Regius
856 2085 1003 2170 Ungaric
1027 2086 1170 2170 Illustri,
1191 2086 1336 2154 consorti
1361 2087 1443 2171 eius,

327 2204 404 2264 nats
420 2196 583 2263 carissimi
600 2197 631 2261 in
648 2192 778 2260 Christo
795 2191 853 2259 lilii
868 2193 971 2259 nostri
987 2192 1022 2259 G.
1040 2193 1141 2278 Regis
1157 2191 1268 2259 Sicilie
1296 2194 1444 2274 illustris,
1556 2207 1557 2210 ’

326 2325 387 2389 qne
403 2311 468 2370 tarn
487 2309 619 2390 propter
636 2301 734 2368 etatis
752 2321 810 2367 sue
835 2300 1057 2368 innocentiam
1074 2307 1107 2365 et
1130 2300 1263 2382 generis
1289 2303 1340 2368 sui
1365 2301 1445 2368 olari
1556 2369 1557 2386 ,

325 2415 523 2501 prosapiam,
541 2431 638 2495 quam
654 2417 788 2496 propter
805 2410 951 2478 eiusdem
969 2409 1021 2477 sui
1037 2408 1199 2494 genitoris
1215 2409 1442 2478 excellentiam

327 2529 455 2590 estnon
472 2521 633 2588 immerito
650 2517 873 2604 multipliciter
888 2517 1099 2604 honoranda,
1118 2518 1273 2586 honorem
1290 2518 1443 2586 exhiberi·

326 2637 377 2697 tes
393 2629 556 2705 debitum,
583 2633 617 2693 et
643 2626 685 2692 ad
702 2627 839 2694 vitands
856 2627 1000 2714 ipsorum
1016 2627 1165 2712 pericula
1181 2647 1247 2692 non
1264 2628 1369 2694 solum
1385 2627 1445 2694 ad-

327 2737 476 2805 hibentes
493 2735 693 2821 diligentiam
704 2785 713 2818 ,
729 2736 789 2802 sed
806 2744 969 2823 oportuna
995 2735 1145 2803 subsidia
1162 2755 1235 2802 oum
1262 2735 1350 2802 omni
1375 2735 1448 2802 dili·
1556 2765 1557 2768 ¹

327 2846 439 2929 gentis
455 2851 488 2908 et
503 2845 685 2913 attentione
701 2851 886 2930 prestantes
903 2869 911 2908 ι
928 2852 964 2910 ut
980 2864 1052 2910 oum
1079 2842 1224 2912 eiusdem
1242 2845 1446 2928 prosperitas

327 2959 433 3022 status
449 2953 611 3038 pactionis
628 2951 784 3034 arriserit,
803 2952 867 3037 ipsi
883 2959 993 3019 vestre
1014 2956 1287 3035 recognoscentes
1303 2950 1380 3019 fidei
1392 2973 1448 3037 pn·

327 3061 477 3144 ritatem,
494 3077 566 3126 earu
585 3060 747 3145 condigne
763 3061 986 3127 retributionis
1003 3058 1172 3128 beneficiis
1188 3061 1344 3145 prosequi
1360 3066 1447 3126 tene·
1556 3147 1557 3152 ἵ

327 3173 424 3236 antur
434 3221 442 3254 ,
467 3189 610 3253 nrrsqne,
628 3171 682 3255 qui
702 3170 789 3254 quod
806 3171 913 3238 eidem
929 3170 1011 3255 Regi
1028 3170 1171 3237 maxime
1188 3171 1223 3236 in
1240 3169 1302 3236 hac
1318 3168 1369 3236 sni
1387 3191 1447 3237 no-

327 3277 429 3344 vitate
444 3277 613 3362 regiminis
630 3279 744 3345 auxilii
762 3279 969 3345 exhibebitur
985 3287 1018 3346 et
1032 3279 1185 3362 honoris,
1200 3283 1330 3361 gratum
1348 3277 1446 3344 habe·

328 3386 434 3452 bimus
449 3387 623 3470 plurimum
643 3395 677 3454 et
692 3397 872 3473 acceptum,
888 3389 921 3454 iu
937 3394 1090 3475 prompta
1105 3387 1366 3457 exhortationum
1394 3409 1448 3453 no·

330 3501 470 3561 strarnm
486 3497 690 3578 executione,
708 3495 890 3565 devotionis
905 3503 1015 3564 vestre
1032 3495 1325 3581 promptitudinem
1337 3514 1448 3580 aceep-

330 3607 451 3689 tsntes,
467 3601 628 3671 uberioris
644 3603 768 3671 favoris
783 3604 1007 3672 benivolentia
1027 3623 1275 3691 prosequamur.

671 3798 809 3872 (Theiner
821 3801 860 3856 id.
874 3820 910 3856 ru.
923 3802 944 3856 1.
959 3802 987 3856 lx.
1000 3800 1062 3856 305.
1076 3797 1109 3872 l.)
