3116 5166
586 314 745 418 ,uu

97 525 235 580 numera
250 507 457 580 detrimenta
475 509 584 591 Quare
605 533 670 582 nou
687 513 848 584 immerito
864 517 1054 587 accenditur
1068 519 1159 592 aelus
1174 543 1230 592 no·

98 623 166 688 star
192 623 228 688 et
256 619 344 703 ἰςηὶι
369 619 403 686 iu
419 624 532 687 nosue
549 621 773 690 meditationis
790 623 1014 692 anxietatibus
1030 629 1229 715 extricavit,

98 725 242 814 dumque
266 726 521 814 cogitationibus
547 727 719 815 profundis
744 731 986 820 immergimur,
1005 739 1038 800 et
1053 734 1228 808 laboriosis

97 833 222 920 sigiliis
237 833 425 921 fatigamur,
442 843 618 920 querentes
633 839 732 908 auxie
748 847 943 928 oportunum
958 839 992 907 iu
1008 847 1101 910 tante
1115 862 1228 916 neers

95 943 207 1012 distis
231 943 372 1014 ertioulo
396 945 575 1012 remedium
601 946 773 1028 adbibere,
791 949 868 1016 lieet
884 948 1113 1020 desideremus
1129 952 1226 1022 iuter-

97 1053 195 1141 dum,
221 1055 307 1139 quod
333 1055 362 1124 si
378 1073 451 1124 oum
477 1053 601 1124 honore
616 1057 678 1125 Dei
696 1067 729 1126 et
745 1059 915 1144 Euolesie,
942 1079 983 1128 ao
999 1060 1125 1130 salubri
1140 1067 1227 1132 stau

96 1167 276 1231 oeterorum
300 1161 443 1231 bdelium
470 1171 616 1234 nostram
644 1187 813 1256 possemus
830 1169 899 1237 illie
916 1168 1074 1239 exhibere
1088 1189 1224 1258 pressu·

96 1273 196 1354 tiam,
215 1277 248 1340 et
262 1290 328 1355 quo
344 1277 453 1338 mente
471 1272 622 1354 fedmur,
640 1274 684 1344 ibi
713 1278 934 1363 personaliter
951 1277 1151 1366 existentes,
1168 1278 1225 1350 Di·

95 1381 174 1447 vina
199 1378 271 1445 sulti
298 1382 446 1464 potentia
462 1400 522 1466 per
539 1383 739 1452 evidentium
756 1385 866 1472 operis
882 1386 1031 1473 proprios
1046 1387 1225 1476 explioare-

95 1507 167 1554 mus
184 1486 344 1572 affeetus3
360 1497 602 1575 verumtamen,
627 1495 705 1576 quia
720 1492 753 1558 id
770 1491 914 1562 eonditio
932 1501 1045 1563 nostra
1060 1515 1126 1562 uon
1142 1493 1224 1582 pati·

94 1601 158 1678 tur,
177 1595 256 1678 quia
280 1595 501 1680 ingruentium
527 1597 670 1682 undique
697 1600 900 1686 negotiorum
925 1600 1129 1668 immensitas
1154 1603 1225 1672 sire

95 1705 240 1774 sanetus
268 1725 332 1771 non
349 1704 528 1791 permittit,
555 1707 598 1772 ad
620 1706 844 1776 venerabilem
869 1713 902 1778 iu
930 1710 1060 1778 onusto
1087 1709 1224 1778 tratrem

93 1813 281 1901 Philippum
294 1813 491 1900 Episeopum
503 1815 700 1901 Firmanum,
718 1817 882 1885 utfortem
894 1819 1058 1886 mittamus
1070 1816 1223 1888 adfertis

93 1930 126 1987 et
152 1924 225 2008 ejus
248 1923 393 1991 robustis
413 1923 556 1991 humeris
583 1943 685 1991 onera
710 1923 852 2010 grandia
867 1928 1092 2013 imponamus,
1110 1933 1222 1996 nostre

94 2031 316 2114 convertimus
330 2029 579 2100 deliberationis
595 2033 743 2100 intuitum
758 2085 767 2119 ,
785 2041 818 2101 et
834 2035 866 2102 in
883 2053 1017 2103 suarum
1034 2035 1224 2104 eousidera·

91 2137 214 2206 tionem
238 2139 392 2207 virtutum
408 2139 626 2208 habuntanter
641 2141 705 2208 sibi
722 2161 744 2209 a
760 2141 903 2212 Domino
919 2161 1164 2227 uoneessarum,
1180 2143 1224 2213 de

93 2247 304 2317 ooneedentis
331 2245 503 2316 affluenter
525 2255 558 2317 et
574 2269 638 2318 uon
665 2250 919 2336 improperantis
936 2249 1175 2337 omnipotentia
1190 2256 1224 2318 st

91 2357 255 2425 immensa
281 2357 485 2442 benignitate
510 2358 696 2443 sperando,
732 2365 842 2426 nostre
873 2355 1096 2426 fluctuationis
1121 2375 1220 2445 super

92 2463 156 2534 biis
181 2465 336 2532 anxietas
362 2464 575 2549 conquiescit.
602 2465 688 2532 Nam
703 2485 786 2545 oum,
802 2467 890 2537 sieut
916 2464 1120 2551 experientia
1145 2483 1218 2552 pro·

91 2573 230 2641 batione
255 2571 447 2655 didicimus,
482 2571 612 2639 dederit
645 2571 710 2641 sibi
736 2573 899 2642 Dominus
930 2592 986 2660 os,
1021 2579 1055 2642 et
1090 2573 1221 2660 sapien·

92 2681 171 2748 tiam
189 2681 405 2766 linguamque
420 2680 583 2756 adiuuerit
608 2679 787 2767 eruditam,
814 2691 850 2751 ut
876 2684 981 2766 soist,
1007 2681 1139 2767 quaudo
1165 2680 1221 2748 de·

90 2790 171 2856 beat
205 2790 355 2877 prolerre
388 2811 591 2876 sermonem,
628 2811 701 2859 eum
727 2791 828 2860 etiam
855 2793 886 2858 in
913 2811 951 2860 eo
985 2792 1098 2878 rigent
1122 2790 1220 2857 raeti·
1291 2795 1295 2804 '

92 2898 170 2966 tudo
203 2897 336 2983 iudioii,
373 2899 501 2966 consilii
537 2896 764 2986 providentia,
799 2900 832 2966 in
868 2901 941 2969 uelo
973 2899 1154 2984 sobrietas,
1187 2897 1220 2966 iu

91 3005 221 3094 agendo
249 3009 446 3092 strenuitas,
475 3015 508 3076 et
525 3006 730 3092 experientia
745 3008 778 3074 in
794 3007 907 3078 arduis
923 3008 1131 3094 approbata,
1148 3023 1219 3092 spe·

90 3135 275 3182 ramusneo
292 3115 461 3199 immerito,
481 3115 569 3201 quod
585 3121 680 3184 aotos
697 3134 786 3198 suos,
803 3117 860 3184 illo
877 3116 1048 3202 dirigente,
1058 3114 1114 3199 qui
1130 3112 1221 3180 nouit

91 3243 195 3308 praua
211 3225 246 3290 in
263 3223 401 3308 directa,
418 3231 451 3291 et
467 3225 525 3292 illo
541 3224 732 3307 adiuvante,
760 3223 816 3308 qui
833 3229 944 3311 potest
959 3241 1081 3308 aspera
1098 3223 1129 3287 in
1146 3219 1219 3288 vias

90 3333 210 3419 planas
234 3341 445 3415 convertere,
469 3351 510 3401 ao
537 3332 569 3398 in
587 3333 743 3418 predintis
769 3353 827 3420 per
844 3351 903 3401 sue
917 3326 1220 3416 oiroumspeotionis

91 3443 288 3512 industriam
306 3441 377 3510 utili
398 3441 607 3527 providentia
624 3449 656 3508 et
673 3439 814 3508 utilitate
825 3440 966 3526 prouida
979 3455 1126 3526 congrue
1143 3455 1218 3505 uou-

91 3554 155 3618 sult
170 3551 296 3637 poterit
313 3557 345 3617 et
360 3549 537 3618 salubriter
553 3550 729 3618 subueniri.
747 3551 816 3618 Nos
833 3553 945 3636 itaque
961 3557 1030 3616 mm
1045 3545 1171 3638 ingenti
1186 3553 1219 3612 et

90 3661 283 3746 periculosa
302 3660 500 3729 necessitate
516 3659 748 3746 premissorum
765 3663 890 3727 attente
916 3661 1068 3744 pensata,
1085 3672 1159 3722 eum
1176 3653 1219 3722 de

90 3769 183 3838 nnius
210 3771 311 3838 elaris
336 3769 462 3837 meritis
491 3775 524 3836 et
540 3767 681 3854 probata
697 3767 861 3836 industria
878 3767 1010 3855 plenam
1023 3765 1057 3832 iu
1073 3761 1216 3832 Domino

88 3877 241 3947 ddueiam
258 3877 464 3962 obtinemus,
488 3877 533 3945 ad
548 3879 694 3960 Regnum
711 3876 818 3962 ipsum
835 3874 899 3943 sibi
916 3872 1094 3958 legationis
1107 3869 1218 3940 odieio

87 3989 188 4074 plene
205 3987 381 4056 eommisso
406 3986 440 4053 in
458 3985 574 4053 eodem
590 3987 713 4071 Regno,
730 4005 770 4052 ao
786 3983 931 4068 Polouie,
943 3981 1122 4066 Dalmatio,
1140 3977 1217 4048 Ore·

86 4097 179 4182 atie,
195 4097 311 4181 Rama,
327 4095 451 4178 Servio,
467 4093 672 4179 Lodomerie,
690 4091 826 4161 Gallitta
843 4099 875 4160 et
892 4090 1051 4162 Oumauie
1066 4087 1217 4178 partibus

85 4205 141 4274 ilii
158 4203 388 4286 nonterminis,
405 4211 441 4270 nt
456 4202 490 4268 in
507 4203 556 4270 sis
572 4203 694 4272 evellat
710 4209 742 4267 et
759 4202 921 4286 destruat,
938 4198 1080 4284 dissipet
1100 4203 1134 4265 ot
1150 4195 1217 4263 dis·

81 4313 226 4401 perdat,
248 4312 377 4381 edideet
402 4319 435 4379 et
461 4313 588 4399 plantet
617 4311 651 4378 in
667 4311 798 4378 nomine
814 4305 958 4394 Domini,
986 4307 1071 4375 siout
1095 4303 1217 4374 viderit

84 4422 258 4510 expedire,
275 4422 319 4490 de
335 4423 468 4489 fratrum
485 4429 670 4490 nostrorum
688 4419 825 4490 oonsilio
842 4416 940 4486 velud
957 4417 1052 4504 paeis
1062 4413 1217 4502 angelum

83 4529 292 4598 destinamus
300 4582 310 4618 ,
327 4531 472 4598 iniuncto
487 4529 552 4597 sibi
568 4529 818 4610 uiobilominus,
836 4532 872 4594 ut
887 4527 922 4595 iu
938 4527 1051 4609 liegue
1068 4523 1142 4609 ipso
1157 4519 1216 4589 iu-

79 4647 134 4707 ter
150 4639 274 4726 Regem
301 4646 335 4706 st
360 4639 466 4723 Regni
490 4655 668 4725 personas,
693 4651 819 4704 neonou
851 4639 919 4704 tam
945 4632 1084 4712 ibidem,
1116 4647 1214 4714 qum
