3156 5158
604 371 744 478 A

113 567 140 628 el
163 560 338 631 firmiorem
363 565 554 634 memoriam
581 573 751 653 presentes
777 570 819 638 sd
834 571 1033 640 instanciam
1049 579 1082 640 et
1098 575 1232 662 peticio·

112 690 181 737 nem
207 673 356 756 parcium
381 675 602 762 predictarum
627 679 848 746 concessimus
873 681 975 766 sigilli
999 683 1103 750 nostri
1130 685 1232 752 moni·

112 779 195 848 mine
210 783 391 852 roboratas.
418 786 540 852 Datum
565 806 626 873 per
642 807 758 856 manns
775 790 926 876 magistri
942 791 1101 862 Hermoni
1117 795 1232 862 Lecto-

110 889 152 956 ris
167 890 318 960 Ecclesie
332 899 444 963 nostre
462 914 550 962 anno
565 895 700 965 Domini
715 897 766 980 ΜΡ
782 897 853 966 00⁰
880 895 988 968 LXX⁰
1013 908 1138 984 quarto.
1164 904 1231 970 Ve-

109 997 307 1069 nerabilibns
332 1001 366 1069 in
381 1002 512 1072 Christo
527 1011 624 1093 patre
650 1007 781 1074 domino
808 1007 910 1076 Panlo
927 1009 1091 1098 Episcopo
1107 1018 1231 1092 nostro,

108 1107 179 1176 sule
193 1107 298 1194 Regis
313 1110 540 1200 Cancellario,
556 1116 661 1213 Panlo
677 1115 860 1203 Proposito,
876 1117 980 1188 Paulo
997 1120 1150 1203 (tantors,
1168 1121 1231 1188 Ru·

107 1237 165 1302 gas
184 1219 330 1287 Onstode
345 1221 574 1309 existentibus.

257 1439 263 1452 ·
283 1411 433 1487 (Eredctie
446 1436 465 1474 a
478 1437 517 1476 sa.
532 1417 656 1475 mdrtoni
668 1418 821 1494 ftcptstg
834 1421 1058 1496 lerelttrtban.)

576 1715 768 1726 ——-—-—-

637 2257 694 2322 2⁵.

100 2450 159 2514 IV
169 2451 288 2518 Lanato
301 2445 417 2540 tirolpl
425 2453 577 2519 Iadrcsorr
592 2453 838 2540 Postmepydbea
849 2453 924 2518 laico
941 2455 1066 2519 [naresi
1083 2454 1156 2536 Pol,
1171 2455 1231 2519 Ta-

99 2563 180 2638 mdc,
198 2560 332 2624 Ferrato
349 2561 425 2627 omo
434 2611 443 2646 ,
468 2560 749 2646 see‘loocselrerociri
773 2563 1041 2650 adojobbcippokot
1056 2585 1078 2628 a
1092 2563 1232 2630 oemeaek

495 2669 609 2735 sorciba
625 2671 722 2736 emeli.
746 2671 843 2738 1275.

209 2865 391 2936 Ladislaus
416 2867 479 2936 Dei
510 2867 625 2954 gracia
650 2866 838 2953 Hnngario,
866 2866 1057 2948 Dalmatio,
1084 2869 1232 2952 Groneia,

95 2976 228 3059 Rama,
245 2975 382 3060 Sennis,
400 2977 559 3062 Gallicis,
576 2974 771 3044 Lodomeris
781 3027 790 3061 ,
807 2977 965 3045 (inmanis
975 3029 984 3063 ,
1010 2971 1233 3062 Bnlgarieqno

94 3087 168 3151 Rex
187 3087 344 3153 omnibus
354 3086 474 3156 Christi
484 3085 634 3153 fidelibus
650 3105 786 3170 presens
802 3089 958 3174 scriptum
974 3089 1169 3173 inspecturis
1180 3106 1233 3154 sa·

90 3191 200 3259 intem
219 3193 255 3258 in
272 3213 352 3261 vero
367 3195 515 3261 salutari.
536 3195 588 3262 Ad
603 3185 828 3262 uniuersorum
844 3203 911 3262 tam
922 3197 1125 3282 presencium
1135 3213 1234 3279 quam

92 3301 290 3368 lntnrornm
314 3303 471 3370 noticiam
496 3302 611 3370 harnm
635 3305 722 3371 serie
748 3305 897 3372 uolumus
924 3305 1116 3390 peruenire,
1144 3305 1232 3386 quod

90 3412 359 3481 considerantes
375 3411 554 3480 fidelitates
571 3421 605 3480 et
620 3414 788 3482 meritoria
804 3413 965 3497 obsequia
974 3414 1079 3491 Pauli,
1095 3412 1231 3494 Thome,

90 3521 183 3590 Omb
213 3533 252 3590 st
275 3525 390 3611 Feney
415 3521 553 3590 liliorum
579 3523 698 3592 Jacobi
723 3523 766 3590 de
783 3524 863 3606 nilla
877 3522 1005 3605 loerch,
1017 3521 1232 3607 jobagionnm

87 3631 265 3702 uidelicet
281 3634 384 3702 castri
409 3632 574 3718 Albensis,
592 3635 627 3700 in
643 3633 807 3702 comitatu
824 3630 988 3702 Pestiensi
1005 3631 1231 3714 existenoinm,

88 3761 160 3824 qna
177 3748 217 3809 et
235 3761 324 3826 quas
340 3740 438 3826 ijdem
454 3741 585 3811 domino
602 3743 773 3828 Stephano
790 3741 879 3825 patri
894 3745 1014 3822 nostro,
1031 3738 1233 3805 uictoriosis-

85 3851 177 3917 simo
196 3850 294 3933 Regi
310 3847 456 3936 Vngarie
472 3849 663 3917 felicissime
679 3847 944 3930 recordacionis,
970 3851 1003 3914 et
1027 3839 1234 3930 postmodnm

82 3959 191 4028 nobis
205 3965 286 4024 tam
302 3959 336 4023 in
349 3958 455 4044 Regni
472 3959 574 4025 nostri
590 3957 865 4043 expeditionibus,
877 3975 974 4038 qnam
990 3955 1025 4021 in
1041 3955 1119 4040 alijs
1134 3973 1234 4039 agen·

82 4069 139 4136 dis
156 4067 301 4135 nostris
316 4064 458 4134 fideliter
474 4065 712 4152 inpenderunt,
737 4063 822 4130 adeo
849 4063 967 4148 pleno,
993 4069 1030 4131 nt
1062 4063 1232 4131 meritoria

78 4177 247 4244 seruicia
266 4193 330 4242 sna
339 4226 348 4261 ,
365 4175 450 4242 inste
466 4183 499 4240 et
515 4173 679 4259 condigne
694 4172 997 4240 remuneracionem
1012 4172 1150 4256 Regiam
1176 4191 1233 4255 po·

79 4288 283 4369 stularent,
300 4282 443 4368 eosdem,
460 4302 532 4348 cnm
549 4282 698 4348 omnibns
714 4282 812 4348 terris
828 4280 982 4368 ipsorum,
1000 4299 1083 4364 qnas
1095 4279 1129 4346 in
1137 4279 1233 4366 joba·

75 4397 234 4480 gionatu
267 4393 349 4460 dicti
385 4392 484 4460 castri
509 4389 707 4476 existentes,
734 4391 805 4456 sine
830 4387 932 4454 alieni
958 4388 1037 4454 iuris
1054 4385 1233 4476 proindicio

73 4503 238 4592 pacifice
258 4501 496 4589 possederunt,
513 4498 764 4586 ajobagioratn
780 4496 859 4564 dicti
876 4495 978 4563 castri
994 4491 1103 4582 p(nre)
1120 4501 1154 4562 et
1169 4495 1234 4562 sin·

72 4634 153 4681 rere
174 4612 391 4694 eximentes,
410 4609 442 4674 in
459 4614 566 4675 cetum
583 4613 616 4674 et
635 4627 802 4674 nnmerum
819 4604 1033 4674 seruientium
1049 4607 1232 4670 nostrornm

70 4726 282 4816 Regalium
301 4717 450 4787 dnximns
466 4718 733 4804 transferendos,
748 4718 900 4786 volentes
917 4723 950 4782 et
966 4715 1182 4799 instituentes,
1196 4717 1233 4780 nt

129 4849 259 4896 sonunt
272 4839 594 4887 noannoeane-a
1052 4821 1074 4885 4
