3116 5166
354 1259 482 1330 Jotentl
509 1222 620 1352 dauopy
644 1264 835 1332 rokonaa’cal
858 1287 880 1328 c
904 1263 1004 1331 dadai
1028 1261 1185 1354 ledptalaa
1199 1260 1272 1327 eldtt
1288 1282 1327 1324 oz
1342 1253 1466 1324 duellet

445 1371 560 1442 littae
574 1374 851 1465 dejepyajdodoka
865 1376 952 1442 irdat
966 1377 1266 1464 oyuptotuciapozzc.
1288 1369 1386 1436 1277.

767 1607 1066 1676 ABG

461 1803 630 1874 Vniuersis
647 1823 783 1892 presens
798 1805 956 1894 scriptum
982 1804 1195 1896 inspecturis,
1213 1799 1397 1891 Capitulum
1412 1797 1464 1864 Bu-

356 1911 468 1980 deusis
483 1912 642 1998 Ecclesie,
659 1916 803 1982 salutem
820 1915 988 1984 inuolutis
1005 1915 1171 1999 largitore.
1183 1913 1237 1982 Au
1252 1911 1394 1980 omnium
1405 1917 1462 1974 um

356 2021 561 2106 presencium
585 2043 684 2108 quam
708 2025 887 2092 futurorum
912 2024 1067 2092 noticiam
1093 2025 1208 2090 harum
1225 2023 1311 2088 serie
1327 2017 1465 2085 nolumus

355 2131 534 2216 peruenire,
548 2130 633 2214 quod
643 2131 761 2200 nobilis
772 2134 904 2200 domina
912 2133 1046 2202 Jolcnth
1056 2132 1198 2216 nomine,
1216 2130 1332 2198 relicta
1342 2121 1465 2210 Ogonoh

360 2237 514 2325 Comitis,
545 2240 604 2326 filij
640 2241 774 2310 Comitis
803 2242 944 2328 Mykon3
977 2241 1136 2328 magister
1160 2240 1331 2308 Johannes
1360 2227 1467 2316 Prepo-

356 2347 439 2414 situs
456 2349 604 2437 Ecclesic
620 2357 732 2420 nostre
747 2353 848 2419 frater
864 2370 952 2428 suns,
969 2358 1001 2418 ct
1017 2351 1135 2418 Gomcs
1150 2343 1397 2416 Andrcacfilins
1412 2339 1464 2406 Go-

357 2457 444 2524 mitis
461 2457 590 2526 lvanua
606 2467 700 2544 pater
716 2459 871 2552 ciusdem,
884 2479 924 2526 ex
940 2468 1132 2546 anapesto,
1151 2456 1268 2524 Comes
1284 2457 1398 2522 Petrus
1408 2448 1464 2515 lra-

355 2573 406 2632 ter
430 2567 576 2658 uterinus
601 2568 680 2635 dicti
704 2605 749 2615 -·
774 2605 817 2615 —
842 2602 885 2616 —·
912 2565 1047 2652 Ogoneh
1073 2565 1114 2630 ab
1130 2567 1237 2632 altera
1252 2582 1363 2630 coram
1380 2556 1466 2625 nobis

356 2675 573 2760 personaliter
591 2675 779 2761 constituti,
796 2676 946 2760 predicta
968 2675 1101 2744 domina
1118 2674 1271 2740 confessa
1288 2676 1340 2734 est
1357 2694 1365 2734 :
1382 2661 1466 2746 QUOd

357 2791 554 2852 memoratus
565 2784 681 2852 (lomes
698 2787 812 2853 Petrus
829 2819 1111 2834 -----
1114 2831 1121 2847 .
1139 2777 1465 2870 persoluendoeidem

358 2891 579 2978 quadraginta
604 2913 732 2960 marcas
758 2897 791 2960 in
817 2899 957 2980 argento
973 2914 1031 2981 pro
1047 2892 1143 2960 totali
1160 2887 1375 2976 expedicione
1388 2883 1467 2950 dicte

356 3001 443 3068 dotis
459 3021 518 3069 suc
528 3053 538 3087 ,
554 3002 587 3069 in
604 3021 670 3085 qua
686 3021 814 3068 summa
829 3041 872 3051 -
889 3037 931 3048 -
949 3037 991 3050 -
1007 3037 1051 3050 -
1068 3001 1176 3068 dotem
1192 3016 1303 3078 suam,
1329 2992 1390 3080 ipsi
1414 2989 1467 3058 (lo-

356 3109 426 3176 miti
443 3112 539 3177 Petro
555 3111 733 3196 relaxarat,
749 3119 782 3176 ct
798 3110 915 3179 eadem
931 3110 1063 3178 domina
1083 3127 1195 3178 omnes
1205 3125 1259 3174 rcs
1270 3123 1349 3170 suas
1365 3119 1467 3170 secum

354 3225 501 3301 temporo
525 3220 718 3306 nupciarum
744 3228 952 3308 asportatas,
979 3219 1064 3287 dixit
1080 3217 1144 3286 sibi
1161 3215 1263 3281 fuisse
1277 3211 1423 3278 redditas
1437 3211 1468 3271 et

354 3327 521 3394 restitutas
547 3347 606 3414 per
630 3331 760 3396 Petrum
786 3328 942 3396 Comitem
968 3326 1178 3410 antedictum,
1195 3329 1229 3390 et
1244 3321 1307 3388 hoc
1322 3319 1410 3386 idem
1424 3313 1468 3379 di·

355 3442 426 3502 ctus
441 3435 600 3521 magister
614 3437 784 3506 lohannes
811 3437 1021 3524 Propositus,
1048 3442 1079 3502 et
1096 3433 1213 3502 comes
1229 3427 1380 3498 Andreas
1396 3423 1468 3491 uiua

354 3563 436 3612 noce
461 3543 673 3630 affirmarunt,
692 3552 726 3610 et
752 3546 801 3614 sic
825 3546 943 3614 eadem
960 3544 1111 3628 domina,
1129 3540 1287 3626 magister
1302 3534 1470 3605 lohannes

355 3655 554 3740 Prepesitus,
572 3659 606 3719 et
622 3656 739 3723 Oomes
755 3655 907 3722 Andreas
932 3655 1063 3722 Petrum
1088 3650 1246 3722 Comitem
1262 3643 1470 3722 antedictum,

355 3768 389 3826 ct
413 3781 489 3828 suos
515 3769 691 3848 cognatos,
718 3764 761 3830 ab
787 3763 986 3849 inpeticione
1002 3763 1089 3830 dicte
1104 3759 1190 3828 dotis
1207 3762 1241 3822 et
1255 3773 1363 3822 rernm
1377 3771 1472 3838 pera·

355 3868 549 3953 sersalium,
574 3870 774 3954 reliquerunt
799 3873 929 3958 penitus
955 3869 1138 3956 expeditos.
1162 3867 1215 3932 Ita
1231 3861 1318 3947 quod
1334 3879 1393 3927 nec
1409 3857 1471 3944 ipsi

355 3997 417 4044 uec
440 3979 544 4062 aliqui
569 3979 612 4046 de
637 3979 838 4064 cognacione
863 3997 993 4064 eornm,
1012 3977 1133 4044 dictum
1152 3976 1286 4042 Petrum
1304 3967 1473 4052 Comitem,

353 4087 529 4157 occasione
556 4089 641 4156 dotia
668 4095 702 4156 et
727 4109 832 4158 rerum
857 4085 1116 4176 parafernalinm
1131 4082 1364 4170 predictarum,
1379 4083 1474 4164 pote-

353 4201 427 4261 runt
451 4194 561 4278 aliquo
586 4215 738 4280 nmquam
758 4205 903 4282 tempore
918 4195 1106 4264 molestare.
1123 4193 1162 4260 ln
1179 4189 1270 4258 cuius
1286 4187 1334 4254 rei
1350 4204 1476 4252 memo·

353 4304 436 4372 riam
452 4303 581 4372 litteras
597 4312 769 4390 presentes
787 4305 1010 4374 concessimus
1036 4301 1141 4388 sigilli
1164 4297 1268 4366 nostri
1292 4293 1478 4364 munimine

352 4415 532 4481 roboratas.
559 4413 681 4480 Datum
705 4435 765 4500 per
792 4433 908 4482 manus
933 4411 1081 4498 magistri
1106 4407 1274 4492 Ambrosij
1300 4403 1481 4473 scolastici

352 4523 528 4592 Budensis.
553 4523 649 4591 Anno
674 4525 805 4592 Domini
830 4525 891 4590 M⁰.
907 4522 985 4591 00⁰.
1003 4520 1122 4590 Luxu
1141 4516 1294 4606 septimo.
1310 4515 1479 4598 Magistro

352 4632 504 4710 dohanas
528 4633 689 4722 (lentore,
713 4634 812 4704 Petro
828 4631 988 4714 Custode,
1003 4631 1117 4700 Beden
1132 4627 1288 4708 Decano,
1306 4620 1407 4691 Sccla
1422 4643 1481 4695 sa-
