3142 5170
830 331 993 436 ...³3⁸-

348 527 478 614 giminis
503 529 537 594 in
562 529 632 596 uuis
657 525 784 596 iuribus
811 548 1011 598 eonssruare
1037 531 1189 598 volumus
1214 537 1246 598 et
1262 526 1471 606 intendimus,

348 636 530 723 predictum
556 643 676 705 terram
705 637 852 708 Gomord
877 645 1028 708 nouatum
1052 638 1177 708 eisdem
1193 639 1333 708 Nieoleo
1350 645 1383 704 et
1399 635 1469 702 hn-

342 746 426 814 'dree
452 745 652 825 comitibus,
679 752 712 812 et
737 747 806 814 suis
822 747 999 818 heredibus
1017 749 1238 833 heredumque
1254 767 1385 816 snorum
1401 763 1471 814 sue-

346 855 536 925 cessoribus
562 875 632 922 eom
658 855 807 924 omnihus
832 857 1029 926 utilitatibus
1045 858 1115 926 suin
1132 866 1165 924 et
1181 857 1395 944 pertinenciis
1412 853 1471 920 suh

346 965 491 1049 antiquis
516 964 611 1032 metis
637 971 670 1032 et
696 965 863 1052 terminis,
888 973 1057 1051 tamquam
1080 969 1130 1036 ins
1147 968 1292 1051 ipsorum
1310 962 1470 1032 heredito-

346 1074 448 1156 ulum,
476 1093 540 1142 non
568 1072 774 1142 obstantibus
801 1073 919 1142 litteris
946 1095 1004 1142 seu
1021 1075 1208 1162 priuilegiis
1225 1075 1332 1160 ipsius
1349 1071 1471 1140 domini

346 1183 447 1269 Regis
463 1181 641 1269 Stephani,
667 1189 725 1250 aut
741 1183 866 1252 domini
882 1185 983 1268 Regis
1001 1187 1083 1252 Belo
1102 1186 1157 1252 sui
1175 1183 1276 1252 nostri
1293 1181 1471 1262 karissimi,

346 1308 405 1376 per
421 1290 584 1377 predietos
601 1288 752 1376 hospites
768 1291 890 1360 hubitis
907 1301 941 1361 et
957 1294 1102 1377 optentis
1119 1343 1128 1376 ‚
1146 1291 1351 1360 reddidimus
1376 1296 1411 1358 st
1426 1311 1471 1356 re·

346 1397 509 1466 stituimus
525 1404 684 1486 perpetuo
700 1397 936 1484 possidendam
952 1409 985 1466 et
1009 1399 1226 1482 habendam
1243 1399 1289 1464 ita
1306 1404 1342 1464 ut
1357 1397 1471 1464 eedem

346 1507 456 1576 littere
471 1527 530 1575 seu
546 1507 734 1595 priuilegia,
745 1508 773 1576 si
790 1529 849 1595 per
865 1509 971 1576 dietus
988 1507 1140 1595 hospites
1157 1508 1190 1574 in
1210 1508 1317 1574 lnoem
1332 1504 1472 1570 dednots

352 1615 483 1695 fuerint,
500 1615 628 1684 iuribus
646 1623 782 1684 oereant
798 1619 972 1702 mulgere,
998 1637 1037 1684 ae
1054 1619 1173 1684 nullius
1191 1617 1257 1684 sint
1273 1616 1407 1702 penitus
1422 1613 1470 1680 lir-

345 1726 478 1793 mitatis.
497 1723 541 1792 Ut
564 1727 663 1808 igitur
679 1724 740 1793 hee
757 1745 895 1810 presens
912 1727 1082 1795 restitucio
1098 1744 1199 1811 super
1215 1723 1365 1810 predicta
1384 1728 1470 1788 terra

344 1853 403 1918 per
428 1853 489 1903 nos
514 1831 638 1902 eisdem
665 1833 805 1902 Niooleo
832 1841 864 1902 et
881 1833 1011 1902 Andree
1043 1853 1083 1901 ae
1109 1835 1178 1900 sois
1194 1831 1373 1902 heredibus
1398 1849 1469 1897 eou-

344 1963 439 2012 oesse
455 1943 553 2009 robur
573 1943 723 2028 optineat
749 1949 906 2029 perpetue
924 1943 1113 2026 firmitatis,
1138 1949 1309 2030 presentes
1335 1957 1469 2008 eonees·

344 2053 446 2120 simus
462 2053 591 2120 litteras
609 2051 750 2136 dvpliois
766 2052 868 2137 sigilli
886 2053 988 2118 nostri
1008 2049 1184 2116 munimine
1200 2051 1387 2118 roboratas.
1403 2047 1466 2112 Da·

343 2171 409 2227 tum
426 2179 486 2246 per
510 2179 627 2227 munus
653 2160 857 2228 venerabilis
885 2162 993 2246 patris
1009 2158 1160 2243 Gregorii
1176 2158 1238 2225 Dei
1255 2157 1373 2241 grauis
1394 2155 1464 2240 lipi-

343 2271 435 2357 seopi
460 2265 721 2346 Chanediensiu‚
738 2267 817 2335 aule
833 2273 946 2334 nostre
963 2265 1258 2348 Vise-Oanoellerii
1268 2315 1276 2348 ,
1294 2263 1410 2331 dileoti
1435 2269 1465 2326 st

341 2378 447 2444 tidelis
458 2375 668 2457 nostri,enno
680 2376 810 2442 Domini
827 2375 887 2441 hil.
903 2375 981 2443 00⁰.
1000 2375 1223 2460 octuagesimo
1240 2393 1338 2451 nono,
1350 2379 1463 2457 quarto

343 2487 466 2555 deeimo
484 2483 647 2554 kalendas
664 2486 882 2571 Nouembris,
898 2486 1007 2572 Regni
1032 2493 1142 2554 eutem
1169 2485 1271 2552 nostri
1298 2504 1390 2550 anno
1414 2483 1463 2548 de·

344 2598 427 2663 oimo
443 2599 573 2664 octauo.

753 2787 1073 2862 memmmm

773 3101 881 3110 ...uun-0*-
896 3101 925 3110 ο..
938 3103 943 3108 .
