3156 5158
868 963 921 1030 31.

336 1181 376 1248 X.
393 1180 528 1269 Gerpciy
537 1183 631 1270 pcipe
646 1180 896 1267 Mapparorszdp
911 1179 1081 1246 e‘rselteidez
1100 1183 1132 1246 da
1141 1181 1363 1270 pitspdkcibez,
1381 1181 1460 1270 bogy

416 1316 437 1357 a
454 1301 538 1357 azertt
547 1289 626 1377 so'ld
640 1292 823 1378 aegitsdpdrc
840 1311 860 1354 a
875 1291 1024 1356 kercaztet
1039 1289 1249 1357 ttrdettcactt.
1276 1293 1376 1357 1275.

442 1507 618 1594 Gregorius
645 1505 829 1594 Episcopus
855 1525 971 1574 servus
988 1525 1154 1577 servorum
1172 1507 1236 1577 Dei
1261 1509 1458 1576 venerabili-

335 1619 396 1686 bus
423 1617 577 1685 fratribus
602 1665 609 1682 .
635 1666 642 1680 .
668 1665 676 1681 .
702 1613 960 1700 archiepiscopo
986 1613 1205 1700 strigoniensi
1230 1621 1264 1682 et
1294 1617 1457 1686 universis

337 1727 510 1813 Episcopis
527 1746 585 1794 sue
610 1724 773 1812 provintie
799 1725 939 1792 salutem
961 1727 994 1789 et
1009 1723 1234 1810 Apostolicam
1250 1727 1458 1794 benedictio-

335 1855 419 1902 nem.
437 1837 471 1904 si
488 1841 614 1904 mentes
629 1833 773 1902 fidelium
783 1883 791 1916 ,
819 1831 957 1899 terrenis
974 1825 1137 1900 abdicatis
1153 1834 1340 1920 illecebris,
1366 1857 1457 1904 reco-

335 1945 440 2012 lendis
458 1943 624 2011 immensis
640 1941 806 2008 beneficiis
823 1925 925 2010 nostri
941 1940 1156 2028 redemptoris
1173 1933 1402 2033 intenderent;
1430 1949 1457 2015 si

336 2072 377 2119 aa
392 2055 506 2121 celesti
522 2053 645 2120 lumine
662 2051 824 2119 illustrate
851 2051 999 2134 diligenti
1028 2057 1210 2120 scrutarent
1235 2055 1406 2143 examine,
1431 2055 1458 2122 ri

334 2164 520 2246 frequenter
536 2159 759 2229 meditationis
777 2166 902 2226 attento
919 2161 1104 2248 conspectui
1122 2169 1369 2250 presentarent3
1387 2184 1456 2249 pro·

335 2272 421 2340 fecto
448 2291 557 2340 eorum
585 2269 683 2336 corda
708 2269 974 2336 concalescerent
991 2269 1078 2336 intra
1093 2270 1193 2356 ipsos,
1212 2269 1289 2355 igne
1305 2271 1338 2337 in
1356 2273 1455 2341 medi·

336 2380 472 2448 tantium
489 2378 608 2446 animis
627 2376 832 2444 ardescente.
850 2377 951 2446 (iuius
968 2378 1087 2445 etenim
1109 2383 1224 2464 pectus
1240 2397 1378 2446 saxeum
1394 2403 1458 2449 non

335 2489 496 2555 emolliret
521 2487 731 2554 considerata
759 2487 849 2553 illius
876 2487 1120 2555 humanationis
1145 2487 1325 2574 humilitas,
1342 2491 1376 2557 in
1394 2511 1457 2574 qna

334 2596 398 2665 Dei
414 2598 497 2664 lilius
513 2595 621 2664 iactus
637 2595 734 2665 homo
752 2595 934 2664 exinanivit
961 2595 1171 2682 semetipsum
1203 2597 1342 2665 formam
1369 2601 1460 2667 servi

334 2705 511 2792 accipiens,
527 2707 562 2773 in
579 2704 824 2773 similitudinem
841 2705 1007 2774 homiuum
1023 2706 1130 2774 sactus
1140 2756 1149 2791 ,
1166 2714 1200 2774 et
1215 2707 1330 2775 habitu
1348 2707 1457 2777 inven-

333 2822 382 2880 tus
399 2821 434 2880 ut
450 2813 573 2881 homo?
589 2813 688 2890 (iuius
705 2817 832 2881 viscera
847 2835 911 2881 non
934 2813 1150 2883 inflammaret
1167 2817 1313 2884 caritatis
1339 2819 1456 2887 ardore

332 2920 389 3006 pia
413 2922 630 2990 consideratio
656 2924 745 2991 illius
770 2923 1009 2991 humiliationis
1036 2930 1198 3010 extreme,
1225 2925 1258 2993 in
1284 2945 1351 3010 qua
1383 2927 1457 3013 ipse

336 3031 420 3100 idern
437 3034 542 3101 factus
559 3032 715 3100 obediens
732 3052 835 3116 nsque
853 3033 895 3100 ad
908 3040 1052 3118 mortem,
1063 3032 1104 3098 ad
1117 3035 1384 3120 exprobrantium
1402 3036 1458 3102 ob·

334 3141 470 3228 probria
487 3161 596 3210 coram
613 3141 768 3210 tondente
785 3161 820 3208 se
838 3143 928 3209 velut
938 3161 1042 3227 agnus
1060 3141 1230 3228 abmutuit,
1248 3145 1377 3212 etsicut
1388 3143 1461 3214 ovis

331 3249 375 3316 ad
400 3250 597 3318 occisionem
633 3249 766 3326 ductus,
793 3257 869 3339 post
894 3251 1110 3320 contumelias
1136 3259 1168 3318 ct
1192 3257 1356 3337 terrores,
1383 3261 1460 3339 post

332 3357 445 3446 spinas
462 3368 495 3426 ct
506 3365 614 3447 sputa,
631 3367 706 3444 post
721 3357 854 3443 flagella
871 3361 985 3445 varia,
1002 3365 1078 3446 post
1094 3359 1226 3430 diversa
1243 3360 1387 3445 deniqne
1404 3381 1459 3448 ge-

332 3488 411 3535 nera
427 3475 667 3554 tormentorum,
684 3469 842 3537 innocens
859 3469 931 3534 sine
948 3488 1051 3535 causa
1059 3467 1271 3555 dampnatus,
1282 3475 1315 3534 et
1324 3470 1457 3538 demum

332 3584 497 3644 saturatus
523 3577 727 3665 obprobriis,
754 3578 858 3646 clavis
876 3577 1014 3664 allinus,
1039 3585 1134 3644 aceto
1152 3584 1184 3644 et
1208 3578 1287 3645 felle
1311 3583 1459 3663 potatus,

332 3687 504 3756 confossus
530 3686 668 3770 lancea,
693 3686 726 3752 in
752 3688 857 3754 crucis
882 3685 1029 3772 patibulo
1055 3691 1121 3752 tam
1138 3686 1209 3752 dire
1226 3687 1339 3753 mortis
1356 3687 1461 3754 subiit

332 3795 539 3879 passionem,
566 3794 740 3863 misterium
768 3793 1000 3881 redemptionis
1026 3800 1138 3861 nostre
1163 3794 1357 3880 perficiens,
1383 3797 1461 3862 sine

332 3923 396 3988 qua
411 3923 523 3990 parum
541 3903 636 3972 nobis
652 3904 810 3972 nativitas
826 3904 1033 3991 profuisset?
1049 3903 1129 3983 Quis
1145 3901 1243 3988 igitur
1258 3902 1320 3972 hec
1337 3911 1371 3972 ct
1387 3905 1462 3973 alia

331 4013 495 4098 largitatis
512 4013 631 4081 Divina
647 4015 831 4099 carismata,
857 4015 944 4082 infra
961 4014 1104 4101 pectoris
1121 4015 1277 4094 claustra,
1293 4009 1410 4080 debita
1428 4024 1464 4080 et

332 4124 497 4209 frequenti
521 4124 735 4192 meditatione
770 4125 955 4210 revolvens,
973 4145 1038 4192 non
1054 4125 1141 4191 intus
1158 4121 1282 4190 fervide
1299 4121 1369 4189 uelo
1386 4121 1458 4188 de-

331 4235 471 4302 votionis
497 4253 657 4301 accensus
689 4233 833 4321 ferveat,
858 4235 939 4302 foris
965 4234 1123 4316 ebulliat,
1141 4234 1304 4300 exclamet
1319 4230 1464 4298 etdicat

332 4343 439 4428 „Quid
463 4343 641 4412 retribuam
658 4344 798 4412 Domino
816 4363 876 4431 pro
892 4341 1041 4412 omnibus
1051 4394 1060 4430 ,
1078 4362 1141 4427 que
1157 4340 1307 4409 retribuit
1323 4339 1405 4406 mihi
1417 4338 1460 4407 ?“
1562 4391 1563 4394 ,

330 4459 363 4522 et
377 4473 445 4522 non
461 4457 638 4538 expectato
653 4453 834 4540 monitoris,
851 4453 903 4520 vel
919 4451 1141 4521 sollicitatoris
1150 4449 1257 4518 officio
1275 4449 1466 4534 subiungat

328 4561 497 4632 ultroneus
517 4561 681 4647 ,Calicem
698 4563 853 4631 salutaris
870 4565 1031 4650 accipiam
1048 4570 1081 4631 ct
1105 4581 1222 4632 nomen
1247 4559 1379 4628 Domini
1406 4563 1462 4629 in-

326 4669 501 4742 vocabo?“
518 4671 621 4752 Quem
636 4692 698 4742 non
715 4673 840 4760 pudeat
855 4672 1099 4761 ingratitudinis
1115 4672 1219 4758 argui,
1236 4669 1316 4757 quin
1331 4671 1455 4757 potius
1562 4679 1563 4764 j
