3142 5170
320 1107 385 1171 Pul
395 1110 546 1194 poaaonyi
561 1109 706 1174 kaommk
721 1133 742 1174 a
762 1111 916 1197 pozsoapi
934 1108 1186 1196 flltcmpbomnulc
1208 1107 1312 1194 Usar,
1338 1107 1443 1190 oleati,

320 1213 436 1282 Olunta
451 1219 482 1280 o'c
496 1215 642 1303 Sicrperp
651 1217 869 1304 belysdpekbeu
884 1217 952 1284 leel
965 1221 1189 1306 rasajoszdpus't
1198 1217 1446 1304 adomdnpoaao.
1560 1214 1561 1256 l

836 1326 932 1390 1287.

428 1518 600 1588 Vniuersis
618 1527 791 1606 presentes
809 1522 937 1590 litteras
954 1521 1151 1608 inspecturis
1162 1519 1346 1608 Capitulum
1365 1519 1447 1588 Stri·

323 1626 493 1712 gonicnsis
510 1627 659 1696 Ecclesia
687 1631 827 1696 salntem
843 1630 875 1696 in
893 1627 1032 1699 Domino
1049 1627 1290 1714 sempiternam.
1307 1627 1362 1694 Ad
1380 1629 1447 1694 vni·

322 1753 488 1801 nersornm
500 1735 653 1802 noticiam
665 1741 777 1804 tenore
789 1738 994 1822 presencium
1005 1736 1151 1805 volumus
1162 1737 1345 1820 peruenire,
1356 1737 1447 1819 quod
1562 1793 1563 1824 p

322 1841 442 1909 nobilis
459 1843 509 1910 vir
525 1845 679 1926 magister
694 1845 816 1912 Paulus
841 1845 928 1914 lilius
950 1844 1121 1913 Benedicti
1137 1844 1322 1912 canonicus
1339 1843 1448 1912 Poso-
1562 1827 1563 1834 ἵ

321 1950 446 2018 niensis
463 1971 572 2018 coram
590 1952 684 2019 nobis
709 1954 928 2038 personaliter
944 1954 1148 2038 constitutus,
1166 1952 1380 2020 considerans
1408 1971 1445 2020 se

321 2057 443 2125 Sancte
460 2057 573 2126 Matris
589 2059 749 2146 Ecclesia,
766 2081 830 2146 que
846 2067 1022 2148 regenerat
1044 2058 1160 2128 fideles
1185 2060 1218 2126 in
1234 2059 1365 2129 (lbristo
1383 2082 1448 2130 me

322 2165 403 2249 ritis,
422 2168 631 2236 oracionibus
649 2175 683 2236 et
699 2167 867 2256 suffragiJs
883 2169 971 2256 apud
995 2169 1059 2236 celi
1075 2168 1249 2238 Dominum
1266 2169 1445 2236 salubriter
1563 2197 1564 2210 ¹

323 2272 483 2358 adiuuari,
509 2277 680 2364 portiones
705 2297 784 2346 suas
811 2278 852 2343 de
868 2277 1155 2364 possessionibus,
1171 2277 1267 2344 terris
1283 2295 1340 2344 seu
1357 2279 1449 2347 villis
1564 2300 1565 2348 l

322 2381 424 2464 Vror,
445 2382 566 2470 Ocoly‚
584 2384 703 2452 Ohurle
719 2391 754 2450 ct
769 2383 924 2472 Simpcrg
941 2383 1066 2452 vocatis
1083 2383 1189 2470 ipsum
1207 2383 1250 2451 de
1261 2383 1335 2470 jure
1354 2383 1449 2452 bere-

321 2487 439 2560 ditario
456 2491 704 2580 contingentes,
733 2495 837 2562 saluis
863 2500 974 2562 tamen
999 2492 1210 2581 porcionibus
1234 2493 1400 2562 lobannis
1416 2499 1451 2562 et

321 2599 410 2665 Petri
426 2599 561 2668 fratrum
578 2621 722 2680 suornm,
740 2601 889 2672 Ecclesia
906 2602 1021 2668 Sancti
1045 2600 1230 2668 Salinatoris
1246 2601 1287 2668 de
1301 2601 1449 2668 Posonio

322 2714 355 2774 et
370 2709 440 2776 cius
457 2710 628 2796 Prepesito
645 2717 679 2778 et
695 2709 849 2797 ‘lapitnlo
866 2729 909 2778 err
925 2719 1000 2778 volo
1026 2711 1081 2797 pie
1097 2711 1216 2776 mentis
1232 2708 1334 2793 dedit,
1351 2715 1448 2796 optu-

321 2815 359 2882 lit
375 2823 408 2882 et
423 2817 560 2884 donauit
576 2819 609 2884 in
626 2819 839 2887 elemosinam
855 2820 1098 2904 sempiternam,
1117 2823 1222 2884 totum
1233 2817 1290 2902 jur
1301 2818 1448 2906 proprie·

321 2923 400 2991 tatis
417 2931 449 2990 et
464 2924 598 3009 doninij
617 2926 650 2991 in
667 2927 773 3011 ipsam
791 2926 1025 2994 Posonicnsem
1042 2926 1218 2992 ecclesiam
1234 2930 1267 2990 et
1282 2926 1352 2991 eins
1370 2925 1446 2992 Pre

321 3029 465 3116 positum
480 3037 511 3098 ct
526 3033 665 3117 fratres,
682 3053 741 3102 sen
758 3031 966 3117 capitulum,
993 3031 1036 3098 de
1053 3031 1211 3116 predictis
1228 3032 1448 3116 possessioni-

321 3137 384 3205 bus
401 3139 469 3207 snis
485 3139 744 3209 irreuccabilitcr
760 3147 793 3206 ct
809 3138 1090 3206 irretractabiliter
1106 3157 1146 3206 ac
1161 3145 1321 3226 perpetuo
1336 3160 1381 3207 ex
1396 3147 1448 3228 ty-

321 3247 390 3314 tulo
415 3247 600 3319 buiusmodi
626 3249 820 3320 donacionis
845 3247 1090 3332 transfundens,
1107 3247 1309 3317 transferens
1324 3254 1358 3315 et
1374 3268 1450 3318 con-

322 3360 461 3423 uertens.
480 3358 517 3424 ln
535 3356 626 3426 ouius
642 3358 689 3428 rei
706 3357 896 3426 memoriam
913 3363 946 3424 et
967 3363 1158 3443 perpetuam
1173 3355 1360 3424 firmitatem
1376 3376 1450 3443 prc-

321 3469 433 3532 ssntes
450 3464 496 3532 ad
510 3469 704 3549 peticionem
731 3475 763 3532 ct
788 3465 988 3534 instanciam
1014 3465 1163 3534 eiusdem
1188 3465 1338 3551 magistri
1353 3467 1450 3534 Pauli

322 3571 426 3658 sigilli
451 3573 554 3641 nostri
580 3575 783 3663 appensione
809 3575 959 3644 dedimus
991 3576 1217 3643 communitas.
1245 3575 1366 3642 Datum
1390 3595 1452 3662 per

321 3698 436 3749 manus
453 3681 588 3750 discreti
611 3682 674 3750 riri
699 3683 849 3770 magistri
876 3681 1021 3769 cipriani
1038 3681 1188 3750 Ecclesia
1204 3691 1317 3750 nostre
1332 3684 1451 3750 Lectu-

321 3789 378 3873 ris,
402 3809 489 3859 anno
514 3791 646 3860 Domini
670 3794 769 3862 ll-mo
795 3791 917 3861 (lc-mo
932 3791 1175 3877 octauogesimo
1194 3785 1283 3877 (igy)
1299 3791 1451 3878 septimo,

322 3904 439 3967 octauo
455 3899 535 3967 Idus
551 3899 644 3986 Julij.
1135 3989 1137 3996 Ι

429 4045 538 4114 tepora.
559 4040 603 4097 Aa
616 4040 792 4112 esatergami
804 4037 1006 4112 ktptalannak
1029 4038 1183 4110 „magister
1205 4037 1342 4096 Nicolaus
1355 4035 1452 4096 Cano-

319 4135 403 4192 nicus
417 4136 539 4192 ecclesie
551 4133 664 4190 Poson“
678 4129 814 4188 kdrdsdre
829 4130 944 4186 kiadott
958 4127 1114 4185 turastbol
1139 4127 1256 4200 „datum
1267 4127 1341 4184 seria
1353 4129 1451 4184 tercia

321 4225 451 4298 proxima
463 4229 529 4296 post
541 4221 644 4280 tastum
659 4221 840 4278 Inusnciouis
854 4238 877 4276 s.
892 4217 1001 4275 Crucis.
1015 4217 1123 4276 Datum
1137 4233 1212 4274 anno
1227 4217 1342 4274 Domini
1356 4217 1449 4273 Μ-ιιιο

321 4313 632 4388 quadringentesimo.“
648 4310 801 4383 Htrtydn3
825 4310 891 4366 adld
904 4310 1044 4382 asinsgen
1058 4326 1093 4366 az
1108 4309 1283 4379 asatergami
1295 4307 1450 4379 kslptalan·

321 4408 379 4462 nalr
392 4405 538 4459 ismeretes
552 4421 566 4460 s
579 4399 681 4474 cldgge
695 4399 730 4472 dp
743 4399 860 4472 pccseto
882 4399 959 4472 (ldsd
980 4397 1072 4468 rajztt
1092 4399 1188 4471 Magy.
1203 4397 1321 4454 Tilrten.
1335 4396 1396 4453 Trlr
1409 4399 1453 4454 11.

321 4496 380 4551 koa
394 4494 438 4549 22.
453 4491 554 4564 natm).
568 4521 603 4534 -
616 4489 903 4564 Poasonylrtptalani
918 4487 1148 4564 magtnlesdltar
1160 4487 1256 4561 Capsa
1269 4489 1384 4550 OFasc.
1399 4489 1445 4546 ll.

321 4591 371 4650 Νι.
391 4585 452 4641 121.
474 4585 572 4638 Kaous.
