3116 5166
775 251 924 350 ..l-2⁰-

291 453 333 519 de
351 447 564 546 concedentis
580 447 756 538 effluenter
773 453 808 516 et
822 467 888 515 non
905 447 1160 537 improperantis
1181 452 1425 538 omnipotentia

292 565 325 628 et
350 561 510 630 immense
536 557 741 644 benignitate
765 558 933 642 sperando
957 567 1068 624 nostre
1083 554 1306 628 fluctuationis
1322 579 1426 645 super

292 669 357 736 biis
373 668 527 736 anxietas
548 665 761 752 conquiescit.
777 667 962 750 Nemeum,
979 666 1066 734 sicut
1080 666 1285 752 experientis
1301 671 1425 754 proba-

292 778 381 845 tione
397 775 592 860 didicimus,
620 773 749 842 dederit
766 772 797 840 ei
812 772 973 841 Dominus
991 793 1038 858 os,
1055 779 1088 840 et
1103 775 1299 860 sapientiem
1315 776 1423 863 lingu-

294 905 416 970 amque
447 883 611 954 adiecerit
627 881 790 951 eruditam
798 929 808 966 ,
835 889 870 948 ut
886 881 971 950 sciet
994 880 1125 966 quando
1141 880 1262 951 debeat
1277 883 1426 970 proferre

295 1013 490 1082 sermonem,
505 1015 580 1063 cum
597 991 696 1060 etiem
721 991 754 1058 in
780 1009 819 1060 eo
835 989 948 1074 vigeat
962 989 1126 1058 rectitudo
1144 991 1259 1060 iudicii
1268 1043 1278 1078 ,
1295 993 1427 1062 consilii

297 1103 520 1190 providentie,
536 1103 570 1170 in
587 1100 658 1168 zelo
676 1099 851 1183 sobrietas,
869 1099 901 1166 iu
918 1099 1049 1184 egendo
1064 1099 1263 1188 strenuitas,
1281 1105 1315 1168 ct
1330 1119 1427 1187 expe·

296 1209 414 1280 rientie
425 1212 459 1279 in
471 1209 583 1278 arduis
597 1209 795 1296 approbata,
808 1225 1052 1294 speremus,nec
1062 1207 1321 1294 immerito,qnod
1330 1217 1423 1279 ectus

296 1335 383 1402 snos,
395 1318 451 1384 illo
469 1318 640 1404 dirigente,
652 1315 809 1400 quinovit
819 1334 923 1400 prere
933 1315 967 1382 iu
978 1315 1115 1403 directa,
1127 1317 1228 1387 etillo
1240 1318 1426 1404 adiurante,

298 1425 353 1511 qui
364 1423 649 1511 potestesperein
665 1422 737 1492 ries
753 1423 874 1510 planas
891 1431 1093 1510 convertere,
1106 1443 1145 1491 ac
1162 1425 1195 1492 iu
1205 1426 1361 1512 predictis
1370 1447 1428 1513 per

298 1551 358 1602 sue
374 1532 678 1620 circumspectionis
697 1531 894 1600 industriam
914 1533 987 1599 utili
1013 1532 1430 1618 providentiaetutilitate

299 1639 1430 1728 providacongrueconsnlipoteritetsalubritersubrenirirNosita-

298 1769 362 1836 que
372 1755 440 1818 tam
450 1749 575 1836 ingenti
583 1756 617 1816 et
626 1749 812 1836 periculosa
828 1749 1029 1817 necessitate
1047 1750 1289 1836 premissorum
1306 1757 1432 1821 attente

299 1865 450 1946 pensata,
469 1877 543 1925 eum
559 1856 600 1926 de
617 1857 708 1925 cuins
725 1858 825 1924 claris
843 1858 966 1924 meritis
983 1863 1015 1928 ct
1031 1857 1354 1944 probataindustrie
1365 1860 1430 1948 pls·
1540 1940 1541 1970 1

303 1987 381 2034 nam
406 1967 440 2033 in
465 1965 605 2032 Domino
630 1963 785 2034 fiduciam
811 1966 1007 2052 obtinemus,
1023 1965 1067 2034 ad
1082 1965 1229 2052 Regnum
1245 1967 1358 2054 ipsum
1373 1967 1433 2035 sibi
1541 2000 1542 2020 1

303 2075 479 2160 legationis
498 2074 607 2142 officio
623 2076 721 2160 plene
737 2075 911 2142 commisso
928 2074 1088 2142 ineodem
1098 2077 1222 2160 Regno,
1235 2095 1276 2144 sc
1287 2075 1433 2159 Polonie,
1542 2060 1544 2128 Ϊ

277 2167 286 2190 ”
303 2183 491 2270 Dalmatia,
508 2184 665 2264 (treacle,
682 2185 803 2268 Reme,
819 2184 943 2266 Servis,
960 2183 1167 2268 Lodomerie,
1185 2184 1309 2255 (letitie
1326 2191 1361 2252 et
1377 2185 1436 2254 Ou-

303 2292 412 2360 menie
427 2291 578 2376 pertibus
595 2291 645 2358 illi
663 2293 894 2378 conterminis,
922 2303 957 2356 ut
972 2293 1005 2358 in
1023 2294 1072 2360 eis
1089 2293 1214 2362 evellat
1229 2301 1262 2360 et
1278 2293 1437 2376 destruat,

305 2399 443 2486 dissipet
458 2405 492 2466 et
509 2397 707 2486 disperdet,
725 2399 855 2468 edificet
872 2404 905 2468 et
921 2400 1051 2485 plantet
1077 2401 1112 2470 in
1137 2400 1267 2468 nomine
1292 2399 1436 2470 Domini,

304 2509 390 2574 sicut
415 2507 535 2576 viderit
560 2505 735 2594 expedire,
762 2506 803 2576 de
829 2507 965 2577 fratrum
982 2517 1168 2578 nostrorum
1184 2509 1325 2578 consilio
1343 2509 1438 2577 velud

305 2617 400 2703 pacis
416 2618 572 2701 angelum
588 2617 814 2703 destinemus,
842 2618 990 2688 iniuncto
1006 2619 1071 2688 sibi
1087 2617 1338 2703 nichilominus,
1355 2625 1391 2685 ut
1405 2618 1439 2686 in

307 2727 422 2810 Regno
438 2709 511 2812 ipso
527 2727 614 2793 inter
630 2725 754 2810 Regem
772 2733 804 2794 et
820 2728 927 2812 Regni
943 2746 1115 2814 personas,
1136 2747 1264 2796 necnon
1280 2733 1351 2794 tam
1382 2725 1439 2792 ibi-

309 2833 401 2917 dem,
432 2852 531 2918 quam
556 2834 589 2900 in
614 2831 795 2918 provinciis
827 2836 1017 2904 memoretis
1043 2836 1127 2902 inter
1143 2835 1393 2904 ecclesiasticos
1408 2839 1442 2900 et

309 2939 491 3010 mundanos
509 2939 610 3024 viros,
627 2948 659 3008 et
675 2942 847 3011 universos
874 2944 958 3011 alios
984 2944 1216 3028 cuiuscumque
1232 2942 1444 3026 conditionis,

308 3049 526 3136 preminentia
543 3048 613 3118 sire
623 3055 738 3135 status,
756 3070 856 3136 agere
873 3052 1006 3121 studeat
1022 3057 1053 3125 et
1069 3059 1222 3136 tractare,
1240 3071 1303 3136 que
1319 3051 1366 3119 ad
1376 3051 1443 3117 cul·

307 3165 376 3226 tum
392 3159 465 3245 Dei,
484 3158 678 3244 Apostolice
704 3157 801 3227 Sedis
826 3159 1000 3242 honorem,
1019 3159 1267 3228 observantiam
1284 3158 1446 3228 canonice

304 3269 499 3351 sanctionis,
517 3267 809 3352 reintegrationem
828 3267 1056 3338 ecclesiastice
1071 3267 1249 3354 libertatis,
1265 3267 1365 3335 robur
1380 3273 1447 3336 sta·

307 3381 360 3442 tua
377 3376 484 3461 Regii,
504 3375 691 3447 honestatis
707 3379 839 3461 cultum,
861 3377 1127 3445 reformationem
1143 3375 1246 3462 pacis,
1263 3375 1448 3444 relevatio-

312 3503 386 3552 nem
402 3503 594 3572 peuperum,
610 3504 650 3553 ac
667 3485 852 3553 animarum
880 3485 1022 3554 salutem
1049 3491 1082 3553 et
1098 3483 1360 3568 tranquilitatem
1377 3503 1450 3552 eor·

313 3611 426 3680 porum
436 3593 656 3678 pertinebunt.
669 3592 831 3672 Quocirca
842 3593 1062 3661 Serenitatem
1073 3592 1266 3678 Regiualcm
1276 3611 1450 3678 rogamus,

316 3707 349 3770 ct
364 3701 573 3768 obsecramus
590 3701 624 3768 in
641 3699 772 3768 domino
788 3703 869 3770 Jesu
885 3701 1027 3786 Christo,
1044 3707 1207 3785 quatenus
1218 3697 1357 3768 eundem
1369 3695 1451 3785 Epi-

311 3829 457 3896 scopum,
486 3829 580 3893 quem
597 3831 657 3897 pro
674 3829 805 3878 suarum
821 3811 974 3878 virtutum
991 3807 1146 3896 insigniis
1162 3809 1290 3880 interne
1306 3808 1453 3894 eomple-

315 3916 431 3984 ctimur
456 3916 592 3985 brachio
619 3917 787 4004 caritatis,
814 3917 913 3984 immo
930 3915 1041 4003 potius
1057 3935 1232 4003 personam
1248 3921 1397 3984 nostram
1415 3917 1454 3984 in

312 4029 394 4114 ipso,
411 4045 483 4095 cum
504 4028 581 4095 illuc
598 4029 669 4096 Deo
686 4027 770 4097 duce
785 4025 984 4114 pervenerit,
1000 4025 1143 4110 benigne
1159 4025 1326 4110 recipiens
1342 4031 1377 4092 ct
1391 4024 1454 4093 ho·

318 4141 414 4204 ueste
429 4140 651 4223 pertractans,
668 4136 732 4205 sibi
758 4141 926 4221 tamquam
942 4133 1133 4222 Apostolicc
1150 4133 1245 4201 Sedis
1261 4133 1372 4216 legato
1388 4153 1454 4221 pro

318 4245 424 4330 ipsius
440 4241 531 4313 sedis
559 4249 592 4313 et
607 4251 722 4313 nostre
736 4244 921 4313 reverentia
936 4251 970 4312 te
988 4242 1169 4310 constitues
1194 4239 1296 4309 verbo
1312 4241 1455 4309 benivo-

318 4353 395 4434 lam,
407 4357 441 4420 ct
456 4351 549 4420 vultu
565 4370 717 4420 serenum
733 4352 803 4420 eins
821 4351 1008 4420 salubribus
1030 4347 1163 4418 monitis
1180 4355 1213 4418 et
1229 4347 1388 4434 consiliis,
1415 4368 1460 4416 ac

314 4459 398 4546 biis,
425 4479 488 4547 que
514 4459 574 4528 tibi
600 4479 641 4526 ex
666 4467 763 4546 perte
788 4466 901 4528 nostru
917 4459 1069 4544 suaserit,
1085 4459 1133 4527 ita
1150 4457 1328 4528 efficaciter
1343 4457 1461 4524 inten-

320 4567 526 4656 dend0,quod
537 4569 720 4661 Episcopus
731 4568 960 4660 ipseltegiueli
970 4569 1070 4638 inltns
1080 4567 1204 4638 auxilio
1214 4567 1247 4634 in
1259 4563 1463 4652 exequenda
