3142 5164
119 1237 168 1304 Aa
184 1242 368 1327 matorpomi
391 1241 549 1327 kdptalorr
571 1239 684 1308 Vincas
709 1244 833 1331 epitroc'
841 1243 968 1332 ptospblc
993 1245 1250 1335 tcztcmonpaccic

113 1346 249 1436 sclytda
264 1349 438 1436 biscopitjo
447 1399 457 1434 ‚
483 1350 562 1438 kopp
578 1349 710 1416 Ledam
725 1351 869 1424 Gotbard
893 1352 985 1418 bardi
1001 1356 1032 1418 6⁸
1047 1353 1156 1422 cocta
1170 1354 1253 1442 prof

186 1455 410 1522 bdtrnmornrlt
424 1456 519 1522 άνυάί
533 1457 604 1522 boat
629 1457 917 1546 birtokopyczkodcs
941 1462 1064 1528 coruom.
1082 1463 1181 1527 1280.

497 1595 870 1690 su'on.

227 1833 387 1919 Magister
413 1833 450 1898 L.
466 1835 659 1920 Propositus
680 1841 713 1903 et
737 1827 926 1922 Capitulum
942 1821 1094 1905 Ecclesie
1120 1837 1246 1922 Strigo·

117 1942 245 2008 niensis
262 1940 412 2009 omnibus
429 1941 555 2009 Christi
570 1943 723 2010 fidelibus
739 1951 909 2030 presentes
934 1946 1062 2014 litteras
1080 1945 1243 2032 inspectu·

116 2051 163 2116 ris
180 2050 324 2117 salutem
338 2051 371 2115 in
389 2050 506 2118 salutis
523 2051 691 2136 largitore.
716 2051 768 2119 Ad
786 2051 1013 2121 uniuersitatis
1035 2059 1146 2120 restro
1162 2054 1245 2153 noti-

117 2158 206 2224 ciam
221 2155 339 2225 harum
354 2159 441 2226 serie
457 2158 605 2224 volumus
620 2160 793 2244 peruenire
802 2209 812 2246 ,
831 2162 917 2243 quod
933 2161 1084 2228 dominus
1106 2161 1245 2229 Vincen-

117 2266 191 2334 cius
207 2267 272 2332 Dei
287 2266 404 2350 gracia
421 2266 604 2352 Episcopus
620 2266 798 2334 Nitrisnsis
815 2287 893 2334 suas
909 2270 1006 2338 nobis
1024 2267 1147 2336 direxit
1162 2267 1248 2337 litte·

117 2393 175 2442 ras
192 2374 334 2442 subhac
350 2375 482 2442 forma:

227 2501 390 2570 Discretis
406 2503 486 2570 viris
503 2510 538 2570 ct
554 2502 700 2572 honestis
717 2503 865 2585 dominis,
884 2504 1000 2570 amicis
1018 2505 1087 2572 suis
1104 2505 1137 2570 in
1154 2503 1245 2573 chri·

117 2617 169 2674 sto
186 2608 373 2678 karissimis
391 2611 427 2676 L.
445 2611 617 2697 Proposito
634 2616 668 2676 et
693 2610 846 2696 capituto
872 2611 1091 2695 strigoniensi
1118 2611 1169 2678 W.
1185 2615 1245 2679 mi-

117 2717 290 2784 seracione
315 2717 437 2783 Dinina
462 2705 654 2804 Episcopus
671 2717 849 2785 Nitricusis
875 2727 1019 2784 mutuam
1046 2719 1079 2784 in
1105 2720 1249 2789 Domino

117 2825 301 2893 caritatem.
326 2825 464 2894 Nouerit
480 2826 697 2894 discrecionis
714 2832 824 2894 vestre
842 2827 1016 2912 amicicia,
1043 2828 1131 2912 qnod
1145 2827 1249 2896 frater

118 2931 334 3001 Gotbhardus
361 2935 404 3001 de
420 2935 536 3001 ordine
552 2933 693 3002 fratrum
722 2933 902 3018 minorum,
925 2935 1046 3002 nobilis
1063 2935 1170 3003 virdo
1186 2935 1247 3002 Ln-

117 3039 206 3126 dan‚
232 3043 442 3129 presentibus
468 3045 584 3110 relicta
603 3042 740 3112 Comitis
758 3041 876 3111 (theba
896 3044 1009 3110 tranis
1027 3043 1109 3113 dicti
1135 3042 1248 3113 fratris

118 3147 327 3237 Gotbhardi,
362 3152 504 3220 Nicolao
532 3158 566 3216 ot
588 3151 713 3238 Mykon
738 3150 900 3238 orphanis
926 3153 1077 3238 ejusdem
1112 3150 1248 3219 Comitis

117 3257 238 3325 Obaba
254 3278 276 3326 a
291 3257 443 3345 predicta
459 3258 593 3326 domins
609 3259 832 3356 generatispet
848 3260 930 3345 ipsis
951 3259 1247 3344 consencientibus,

115 3367 291 3454 proposuit
308 3387 418 3434 coram
436 3369 554 3454 nobis,
580 3369 665 3452 quod
682 3373 789 3436 totam
801 3369 990 3451 porcionem
1007 3388 1123 3453 snam,
1150 3387 1248 3453 quam

115 3475 268 3543 habebat
283 3475 316 3542 in
334 3475 414 3542 vilia
440 3477 578 3544 Prozlon
599 3495 672 3543 cum
698 3475 850 3546 omnibns
866 3475 1067 3542 utilitatibus
1092 3481 1126 3542 et
1148 3477 1247 3562 perti·

113 3585 247 3650 ncnciis
263 3587 333 3652 snis
349 3587 414 3672 ipsi
431 3569 563 3652 domine
589 3606 649 3673 pro
666 3584 909 3669 quinquaginta
934 3585 1055 3651 marcis
1077 3583 1111 3650 in
1138 3583 1247 3666 rebus,

116 3711 201 3774 quas
217 3694 294 3778 ipsa
310 3695 443 3760 domina
459 3705 607 3779 tempore
624 3693 815 3779 nupciarum
831 3711 965 3760 suarum
979 3690 1064 3758 dixit
1079 3690 1182 3759 fuisse
1197 3711 1246 3758 se·

116 3819 192 3867 cum
210 3801 361 3886 delatas,
379 3807 524 3891 acceptis
541 3803 584 3868 ab
601 3803 717 3869 eadem
737 3801 896 3884 domina,
921 3800 1089 3886 plenario,
1107 3805 1142 3866 ut
1157 3818 1247 3868 csse-

114 3913 178 3995 rit‚
202 3913 409 3980 vendidisset
440 3913 516 3996 jure
542 3915 700 3998 perpetuo
727 3919 760 3976 et
784 3895 1051 3978 irreuocsbiiiter
1075 3907 1248 3994 possiden·

115 4021 217 4105 dam;
242 4019 276 4086 in
292 4021 368 4086 aliis
386 4039 464 4087 vero
481 4021 748 4105 possessionibus
778 4020 923 4105 ipsorum
939 4019 1008 4086 tale
1024 4016 1179 4083 dixerunt
1193 4019 1248 4086 in·

115 4133 223 4195 terso
248 4129 477 4214 concambium
504 4129 699 4214 ordinasse,
723 4133 759 4195 nt
774 4125 1005 4214 possessiones
1030 4127 1176 4213 ipsorum
1196 4145 1246 4194 or-

115 4237 305 4322 phanorum
322 4271 366 4284 -
382 4271 426 4284 —
442 4271 486 4285 -
502 4272 547 4288 -·
562 4235 832 4322 possessionibus
858 4252 936 4302 vero
953 4235 1056 4319 ipsius
1081 4233 1196 4302 fratris
1213 4234 1247 4300 in

115 4347 281 4416 Comitstu
306 4345 466 4414 Nitriensi
492 4346 701 4424 constitutis,
717 4344 850 4441 Treplr,
875 4347 1016 4429 Baynag
1031 4349 1066 4411 et
1082 4341 1175 4408 Koao
1190 4361 1246 4408 vo·

115 4456 201 4523 catis
217 4451 564 4540 antedictisorphanis
578 4454 715 4523 Comitis
732 4453 848 4522 Obaba
863 4450 1072 4519 monentibus
1088 4455 1246 4536 perpetuo

113 4559 257 4650 pacifice
273 4567 307 4626 et
322 4561 440 4645 quiete.
451 4561 494 4627 st
505 4565 583 4646 qnia
599 4560 769 4629 nominate
784 4568 897 4646 partes
920 4559 1106 4646 prescripta
1123 4556 1244 4624 uestris

114 4669 385 4758 priuilegialibus
412 4669 532 4740 litteris
556 4669 603 4738 sd
629 4667 731 4744 robur
757 4675 917 4759 perpetus
941 4663 1106 4734 firmitatis
1132 4661 1245 4731 volunt
