3116 5166
846 446 859 453 -
895 303 1002 450 sm..

360 545 547 632 Philippum
581 543 779 630 Episcopum
814 543 1015 628 Firmanum,
1047 550 1081 609 ut
1113 543 1228 610 lortem
1261 541 1431 610 mittamus
1447 543 1487 608 ad

362 654 478 738 sortia,
511 663 543 720 et
578 655 652 740 ejus
678 653 822 720 robustis
853 651 998 718 humeris
1041 671 1142 718 onera
1174 650 1315 736 grandia
1340 651 1484 736 impona-

363 781 445 848 mus,
462 767 573 829 nostre
591 761 812 828 convertimus
829 759 1078 826 deliberationis
1101 758 1271 840 intuitum,
1296 765 1329 822 et
1356 760 1387 822 in
1412 775 1483 822 sua-

362 889 432 937 rum
463 867 760 937 considerationem
796 869 948 934 virtutum
988 867 1211 934 habuntanter
1242 867 1273 933 ei
1298 886 1320 932 a
1345 865 1483 932 Domino

363 997 603 1056 concessarum,
620 977 662 1045 de
678 975 893 1046 concedentis
910 973 1085 1044 affluenter
1103 983 1137 1042 et
1170 997 1237 1044 non
1263 974 1483 1060 improperan-

363 1086 406 1156 tis
433 1085 673 1176 omnipotentis
696 1094 730 1155 et
763 1086 920 1153 immensa
944 1085 1154 1171 benignitate
1181 1083 1352 1169 sperando
1378 1089 1483 1152 nostre

362 1191 586 1264 fluctuationis
612 1213 713 1282 super
738 1194 804 1262 hiis
829 1193 983 1262 anxietas
1010 1190 1219 1278 conquiescit.
1247 1192 1331 1258 llam
1349 1210 1422 1260 cum
1438 1191 1482 1257 si-

364 1309 420 1370 cut
435 1301 638 1389 experientia
655 1302 852 1388 probatione
869 1299 1064 1388 didicimus,
1080 1299 1213 1370 dederit
1238 1297 1303 1366 sibi
1328 1298 1482 1366 Dominus

366 1430 416 1496 os,
443 1415 477 1478 et
501 1409 701 1498 sapientiam
728 1410 939 1496 linguamque
956 1409 1116 1480 adiecerit
1131 1405 1315 1492 eruditam,
1343 1413 1380 1474 ut
1403 1406 1482 1472 sciat

363 1520 492 1604 quando
507 1517 630 1586 debeat
646 1517 793 1605 proferre
809 1537 1013 1601 termonem,
1032 1537 1105 1586 cunr
1122 1517 1223 1588 stiam
1250 1515 1286 1581 in
1313 1533 1354 1582 eo
1380 1515 1484 1600 vigeat

361 1625 521 1696 rectitudo
538 1624 673 1714 iudicii,
702 1625 829 1694 consilii
845 1624 1064 1710 providentia,
1091 1622 1125 1692 in
1152 1622 1223 1692 zelo
1248 1621 1430 1704 sobrietas,
1452 1621 1482 1687 in

362 1733 494 1824 agendo
534 1735 732 1820 strenuitas,
770 1741 803 1801 et
839 1736 1042 1821 experientia
1077 1733 1109 1800 in
1136 1731 1250 1800 arduis
1282 1732 1482 1817 approbata,

361 1861 532 1930 speramus
557 1862 619 1912 nec
644 1842 825 1929 immerito,
852 1843 941 1928 qood
957 1850 1053 1911 actus
1069 1861 1156 1928 suos,
1175 1840 1232 1909 illo
1249 1839 1417 1924 diriginta,
1432 1839 1481 1923 qui

361 1953 453 2023 novit
467 1970 572 2040 prava
587 1955 621 2020 in
638 1951 777 2039 directa,
795 1962 828 2020 et
843 1952 902 2021 illo
918 1953 1105 2038 adiuvante,
1124 1950 1180 2035 qni
1196 1954 1307 2036 potest
1324 1948 1480 2035 asperain

362 2061 434 2130 vias
459 2062 577 2146 planas
604 2068 817 2150 convertere,
844 2081 884 2128 ac
909 2063 941 2130 in
968 2059 1125 2149 predictis
1142 2079 1202 2148 per
1218 2079 1275 2128 suc
1291 2058 1481 2143 cncumsps

362 2169 479 2238 ctionis
504 2169 701 2241 industriam
725 2171 798 2238 utili
826 2170 1034 2258 providentia
1054 2176 1088 2239 et
1103 2169 1246 2238 utilitate
1261 2166 1398 2254 provida
1414 2185 1480 2234 con-

361 2279 425 2348 suli
439 2278 560 2366 poterit
576 2285 609 2348 et
625 2277 804 2349 salubriter
821 2277 999 2349 subveniri.
1014 2281 1083 2348 Nos
1099 2279 1212 2362 itsque
1227 2284 1297 2344 tam
1311 2275 1437 2361 ingenti
1452 2283 1481 2342 ct

361 2384 549 2472 periculosa
564 2387 765 2456 necessitate
790 2387 1022 2473 premissorum
1048 2391 1174 2454 attente
1191 2390 1345 2471 pensata,
1361 2403 1431 2452 curn
1445 2381 1480 2449 sle

360 2496 454 2566 euius
470 2497 571 2565 claris
587 2497 713 2564 meritis
729 2504 763 2564 et
778 2494 917 2583 probata
942 2496 1106 2564 industria
1130 2494 1262 2582 plenam
1286 2494 1321 2562 in
1348 2493 1479 2562 Domino
1547 2555 1548 2573 ,

360 2603 512 2674 idacium
529 2605 726 2690 obtinemus,
754 2605 798 2674 ad
814 2605 964 2690 Regnum
981 2606 1087 2692 ipsum
1103 2603 1169 2672 sibi
1185 2603 1366 2689 legationis
1382 2601 1479 2670 offusio
1546 2627 1547 2651 ι

360 2713 460 2798 plene
477 2714 654 2783 commisso
671 2715 705 2782 in
721 2713 838 2783 eodem
856 2717 981 2800 Regno,
992 2735 1034 2784 ae
1051 2715 1200 2798 Polonie,
1217 2713 1396 2798 Dalmatio,
1412 2712 1479 2779 cro·

360 2823 436 2906 atie,
453 2823 567 2904 Rams,
585 2820 709 2900 Servio,
725 2820 933 2908 Lodomerie,
958 2822 1094 2890 Gallitie
1112 2829 1145 2891 et
1161 2821 1322 2893 domanio
1338 2821 1477 2909 partibus
1543 2877 1544 2880 ,

361 2929 409 2997 illi
433 2931 661 3017 conterminis,
678 2937 713 2999 ut
728 2932 762 2999 in
788 2935 836 3002 eis
861 2933 984 3001 evellat
1010 2939 1044 3000 et
1059 2933 1219 3018 destruat,
1236 2932 1378 3020 dissipet
1392 2939 1424 2998 et
1437 2931 1480 2998 di·

359 3035 504 3124 spordat,
529 3036 659 3106 edificet
685 3048 717 3106 et
744 3041 871 3126 plantet
896 3042 1080 3110 innomine
1106 3040 1253 3125 Domini,
1270 3041 1356 3108 sicot
1373 3038 1481 3107 viderit

359 3145 529 3232 expedire,
544 3144 586 3216 dc
603 3143 741 3214 tranum
756 3153 943 3216 nostrornm
954 3149 1094 3220 consilio
1105 3151 1204 3218 velud
1227 3149 1323 3236 pacis
1338 3148 1480 3234 angelon

317 3261 319 3266 '
358 3255 564 3324 destinamus
580 3254 723 3322 iniuncto
740 3254 802 3323 sibi
820 3257 1061 3342 nichilominus,
1077 3264 1112 3326 ut
1129 3257 1162 3324 in
1182 3259 1298 3342 Regno
1315 3257 1389 3343 ipso
1404 3258 1482 3324 inter
1537 3341 1538 3344 Ἴ

358 3365 481 3449 Regem
497 3371 530 3432 et
545 3363 650 3448 Regni
666 3381 850 3450 personas,
866 3383 995 3432 necnon
1011 3373 1079 3432 tarn
1102 3363 1235 3448 ibidem,
1252 3383 1350 3448 quam
1365 3365 1399 3432 in
1414 3385 1481 3450 pro·
1536 3417 1537 3423 1

357 3471 476 3542 vinciis
491 3470 681 3540 memoratis
702 3473 791 3540 iuter
807 3473 1052 3542 ecclesiasticos
1069 3478 1102 3540 ct
1125 3473 1309 3542 mundanos
1333 3475 1438 3558 viros,
1454 3479 1483 3540 et
1534 3485 1536 3577 J

357 3584 530 3654 universos
545 3579 630 3648 alios
645 3579 879 3666 cuiuscumque
897 3580 1103 3667 conditionis,
1113 3581 1413 3667 prominentissive
1423 3587 1481 3649 sn·
1533 3631 1534 3655 ι

356 3698 411 3760 tus
426 3707 527 3778 agero
542 3685 675 3754 studeat
690 3695 723 3754 et
739 3692 894 3774 tractare,
912 3707 974 3772 qne
993 3688 1036 3756 ad
1056 3689 1185 3758 cultum
1201 3687 1286 3776 Dei,
1302 3689 1484 3778 Apostolice

357 3799 454 3872 Sedis
469 3796 646 3880 bonorem,
672 3795 925 3864 observantiam
951 3801 1124 3866 canonice
1150 3800 1352 3886 sanctionis,
1375 3801 1485 3867 reinte-
1531 3761 1532 3809 ¹

356 3906 539 3994 gratiosam
564 3903 791 3972 ecclesiastice
816 3904 993 3985 libertatis,
1019 3925 1054 3972 ro
1062 3908 1124 3974 bur
1140 3912 1249 3976 statos
1268 3908 1378 3992 Regii,
1392 3907 1485 3974 hone

355 4015 454 4086 statis
470 4013 604 4095 cultum,
621 4011 890 4083 reformationem
907 4015 1024 4100 pacis,
1042 4015 1284 4084 relevationem
1310 4034 1486 4104 pauperum
1527 3967 1529 4044 ‘4

355 4144 397 4192 ac
423 4121 604 4192 animarum
630 4121 772 4191 salutern
799 4130 832 4192 et
856 4123 1121 4208 tranquilitatem
1148 4142 1320 4209 corporum
1350 4128 1487 4212 pertine·

354 4231 444 4300 bunt.
460 4232 626 4317 Rogemus
642 4230 752 4314 itaque
767 4232 1015 4300 universitatem
1046 4240 1190 4302 vestram
1207 4241 1240 4301 et
1255 4235 1426 4302 hortemur
1442 4241 1485 4300 at·

354 4345 456 4424 tante,
472 4357 532 4426 per
546 4339 739 4422 apostolica
756 4337 881 4425 scripta
896 4340 1032 4409 firmiter
1047 4339 1263 4428 precipiendo
1282 4342 1487 4424 mandantes,

354 4454 518 4534 quatenus
535 4443 685 4513 eumdem
701 4446 914 4536 Episcopum,
931 4467 1028 4532 quem
1045 4469 1104 4536 pro
1122 4468 1255 4520 suarum
1273 4447 1432 4520 virtutum
1444 4451 1486 4516 irr-

354 4557 470 4644 signiis
497 4556 625 4624 interne
650 4555 896 4641 complectimur
920 4558 1057 4626 brachio
1086 4559 1246 4645 caritatis,
1265 4561 1365 4628 immo
1381 4561 1488 4645 potius

353 4685 529 4754 personam
554 4671 699 4731 nostram
729 4664 764 4731 in
781 4673 874 4750 ipso,
891 4685 965 4735 enm
992 4666 1069 4736 illuc
1096 4670 1168 4736 Deo
1193 4669 1277 4736 duce
1292 4673 1488 4753 pervenerit
