3142 5164
869 918 945 988 tat.

336 1102 402 1205 ΠΙ.
420 1136 540 1204 Multa
551 1140 642 1226 μόρα
657 1163 677 1201 α
692 1135 912 1203 Εοᾶονηὸηιαῖι
921 1188 930 1223 ,
955 1142 1076 1226 ajouurr
1098 1137 1265 1206 utilasztotl
1282 1137 1465 1223 caatcrpurur'

334 1247 484 1312 eructuet
499 1239 590 1312 radul
599 1245 699 1312 aroald
709 1245 892 1334 pelliceret,
903 1245 1028 1314 Rorndru
1037 1249 1135 1332 torci,
1152 1251 1183 1312 ec
1193 1245 1336 1333 tapeta
1344 1245 1466 1332 nyt'trui
1556 1287 1557 1326 p

497 1353 667 1440 aperuerat
683 1353 764 1419 dltal
780 1355 876 1420 tutus·
891 1353 1191 1443 Mupyurorszdpbc.
1204 1355 1304 1420 1280.
1381 1345 1386 1353 ’

444 1571 603 1639 Nicolaus
622 1569 808 1660 Episcopus
825 1589 941 1638 seruus
958 1589 1127 1640 seruorum
1144 1569 1219 1657 Dci,
1236 1541 1369 1637 dilectis
1387 1567 1463 1635 filiis

184 1667 185 1670 ¹
268 1751 271 1757 ,
335 1679 504 1767 Magistris
520 1681 668 1754 Romane
686 1681 847 1748 Huntensi
870 1681 1048 1766 ct'Angelo
1065 1677 1224 1748 Nitriensi
1252 1675 1462 1745 Archidiacc·
1556 1695 1557 1748 t

335 1792 387 1856 nis
403 1789 437 1855 in
452 1788 606 1858 Ecclesia
621 1787 837 1873 strigoniensi
855 1787 996 1856 salutem
1014 1797 1047 1856 et
1063 1781 1289 1875 Apostolicam
1308 1785 1459 1852 bencdic-
1556 1829 1557 1832 ,

336 1899 468 1964 tionem.
500 1897 581 1962 (lum
606 1896 832 1964 venerabilem
865 1891 1031 1984 (fratrem)
1059 1905 1206 1965 nostrum
1236 1894 1460 1976 Lodtrmerum⁷
1556 1907 1557 1958 t

336 1999 412 2081 tunc
429 2005 629 2092 Episcopum
646 2005 906 2092 Waradiensem,
925 1989 1073 2074 Electum
1084 2005 1346 2104 strigoniensem
1362 2024 1385 2068 a
1399 2003 1461 2069 riu·
1556 2069 1557 2076 χ

336 2115 421 2194 culo,
439 2133 503 2196 quo
520 2113 732 2182 waradiensi
750 2115 924 2182 tenebatur
939 2117 1101 2200 Ecclesia,
1120 2115 1310 2184 absolutum
1327 2109 1374 2179 ad
1385 2111 1461 2176 Stri·

336 2222 737 2320 guniensemkEcclesiam
753 2231 830 2312 tuuc
846 2231 979 2318 pasione
989 2233 1185 2314 *vacantem*
1196 2226 1239 2292 de
1256 2221 1396 2290 fratrum
1411 2241 1461 2286 no·

336 2337 477 2398 strcrum
493 2333 628 2399 consilio
645 2339 677 2398 et
693 2333 884 2418 Apostolice
905 2333 1296 2421 plenitudincpotcstatis
1313 2328 1463 2398 duximus
1556 2357 1557 2372 ¹

337 2439 599 2532 transferendum
617 2465 625 2506 :
642 2433 702 2506 nos
719 2439 760 2507 dc
775 2441 935 2511 industria
951 2442 1203 2526 restraconfisi‚
1226 2437 1379 2526 pallium,
1396 2439 1459 2524 plc-

337 2547 517 2616 uitudincm
533 2548 692 2617 videlicet
717 2549 917 2634 pontificalis
934 2547 1044 2632 officii,
1061 2550 1111 2614 'ab
1125 2537 1244 2618 ecdem
1260 2549 1379 2630 Electo
1396 2566 1464 2612 eum

337 2654 503 2724 instancia
519 2659 740 2743 postulatum,
768 2659 811 2724 de
827 2678 966 2745 corpore
982 2659 1077 2726 Beati
1095 2659 1184 2748 Petri
1204 2665 1392 2748 sumptum,
1409 2675 1464 2742 per

337 2785 397 2835 ros
423 2767 679 2856 presentandum
703 2768 950 2862 uenerabilibus
977 2768 1134 2835 fratribus
1160 2769 1286 2836 nostris
1311 2767 1464 2850 Philippo

337 2876 492 2946 Firmano
508 2875 698 2962 Apostolicc
714 2877 812 2957 Sedis
827 2875 953 2963 Legatc
969 2881 1002 2944 et
1019 2877 1149 2945 Andree
1160 2879 1316 2964 Agriensi
1333 2877 1464 2962 Episco-
1556 2887 1557 2898 ¹

225 3055 227 3058 ,
338 2984 410 3068 pis,
436 3002 476 3050 ac
493 3002 551 3068 per
567 3003 624 3050 cos
641 2984 694 3051 vel
710 2983 855 3070 ipsorum
869 2987 1015 3056 alterum
1041 2985 1101 3064 sub
1128 2995 1222 3052 certa
1250 2985 1356 3052 forma
1381 2983 1464 3049 dicto

339 3093 454 3168 Electc
471 3091 667 3160 tradendum
682 3090 885 3178 providimus
903 3093 1156 3180 destinandum
1181 3112 1204 3158 a
1218 3094 1314 3160 robis
1334 3097 1465 3177 recepto

340 3199 385 3266 de
397 3199 625 3294 prosequenda
641 3197 784 3268 fideliter
798 3202 1047 3286 presentationc
1070 3202 1255 3272 huiusmodi
1265 3202 1464 3286 juramento.

337 3303 502 3386 Quocirca
529 3307 718 3376 discretioni
744 3316 853 3377 vestre
878 3331 938 3396 pcr
955 3311 1148 3397 Apostolica
1174 3313 1299 3398 scripta
1325 3311 1388 3382 sub
1415 3307 1466 3406 de

338 3413 408 3484 bito
424 3418 554 3502 prestiti
578 3417 964 3506 iuramentimandamus
976 3471 984 3506 ,
1009 3427 1169 3504 quatenus
1190 3441 1248 3488 vos
1274 3419 1465 3507 adpressu-

339 3528 421 3594 tiam
435 3527 585 3622 ipsorum
598 3527 839 3625 Episcopornm
861 3529 1082 3616 personaliter
1098 3529 1333 3613 xconferentes,
1357 3530 1467 3598 huius·

339 3633 428 3702 modi
442 3629 592 3721 pallium,
609 3637 693 3702 sieut
708 3638 916 3724 premittitur,
934 3639 1023 3706 dicto
1041 3639 1156 3706 Electo
1173 3639 1373 3708 tradendum
1389 3638 1465 3704 fidc-

337 3744 413 3810 liter
438 3743 521 3828 ipsis
547 3743 674 3830 Legata
702 3753 735 3812 et
760 3745 915 3832 Agriensi
941 3729 1107 3836 Episcopo
1136 3743 1346 3836 presentetis.
1371 3746 1467 3812 Volu-

337 3871 411 3919 mus
433 3860 562 3938 rentem,¹
588 3853 677 3940 quod
693 3855 725 3923 si
738 3855 880 3924 alterum
905 3863 1050 3932 restrum
1075 3859 1186 3926 medio
1210 3865 1359 3943 tempore
1384 3853 1466 3922 intir-

339 3947 516 4041 muriunt
539 3962 624 4030 alias
640 3963 804 4049 impediri,
828 3966 882 4030 rel
897 3966 982 4032 forte
999 3967 1081 4032 mori
1103 3964 1283 4051 contingat,
1299 3971 1465 4052 superstes
1556 4043 1557 4046 Ἴ

339 4067 571 4137 nichilominus
606 4071 790 4157 predictum
815 4073 953 4158 pallium
987 4074 1081 4140 iuxta
1111 4075 1310 4160 premissum
1336 4075 1465 4142 modum

327 4181 507 4262 presentet
523 4179 649 4264 Legata
675 4186 709 4248 el
725 4183 889 4268 Episcopo
906 4185 1108 4252 memoratis.
1133 4184 1226 4264 Quod
1245 4185 1275 4254 si
1299 4183 1388 4252 sorte
1409 4201 1465 4250 vos
1556 4275 1557 4278 Ἴ

338 4283 476 4371 ambos',
501 4293 677 4372 antequam
702 4293 906 4380 presentat-io
933 4289 1118 4359 huiusmodi
1143 4291 1257 4378 lieret,
1290 4285 1335 4360 de'
1360 4291 1466 4359 medic

337 4393 414 4464 tolli
429 4393 609 4482 contingat,
618 4398 790 4482 providere
800 4400 931 4484 curetis,
941 4401 1122 4486 utpallium
1132 4403 1241 4485 ipsum
1252 4400 1341 4486 apud
1352 4401 1466 4471 carte

339 4500 466 4569 dralcm
491 4501 544 4571 vel
560 4502 763 4591 Religiosam
779 4508 968 4577 Ecclesiam
993 4507 1082 4575 illius
1105 4507 1191 4594 loci,
1217 4509 1274 4577 ubi
1291 4527 1352 4578 uos
1376 4509 1467 4576 obire

339 4611 518 4700 acciderit,
543 4612 684 4683 fideliter
709 4616 914 4707 deponatur,
938 4619 1064 4690 eisdem
1088 4619 1216 4708 Legato
1242 4597 1276 4686 et
1300 4619 1463 4708 Episcopo
