3116 5166
469 401 474 410 .
586 323 745 426 nu..

1 533 2 536 ’
98 517 275 604 quiverat,
300 517 361 587 sed
387 535 525 588 necesse
550 517 694 588 babebat
724 520 758 588 in
783 519 851 588 illis
867 523 1018 610 partibus
1034 543 1227 611 remancre;

1 643 2 646 ’
100 627 244 695 maxime
271 627 351 710 quia
374 626 458 696 inter
493 626 698 697 carissimum
734 631 765 694 in
795 627 928 698 christo
954 629 1055 698 filium
1080 637 1228 702 nostmm

98 735 235 804 Boemio
252 735 414 804 illustrem
430 754 470 802 ac
487 735 627 802 eundern
652 734 798 820 Ungerie
825 737 933 822 Reges
960 739 1229 825 compromissum

98 851 283 931 receperat,
309 842 397 926 quod
424 843 565 912 nondum
592 849 664 912 erat
688 861 748 940 per
772 845 993 930 prolationem
1020 846 1150 916 arbitrii
1174 850 1229 917 rel

98 954 171 1020 alia
204 953 333 1020 ratione
359 949 498 1038 finitum,
517 957 551 1019 et
575 950 652 1020 ideo
678 951 784 1038 ipsum
811 953 984 1038 oportebat
1008 955 1229 1042 prosecutioni

97 1061 247 1130 eiusdem
265 1057 490 1145 compromissi
505 1059 726 1144 personaliter
751 1060 932 1146 iuteresse,
958 1062 1140 1132 adicientes
1155 1083 1227 1150 pre-

96 1177 194 1238 terea
209 1167 307 1237 iidem
322 1173 560 1254 procuratores,
588 1168 677 1250 quod
692 1167 793 1236 etiam
808 1169 968 1257 predictis
983 1171 1229 1258 impedimentis

96 1277 308 1346 cessantibus
333 1276 441 1344 dictus
457 1276 650 1362 Propositus
666 1282 802 1362 propter
818 1299 938 1364 graues
959 1279 1180 1350 dissentiones
1197 1287 1230 1349 et

94 1403 249 1472 guerras,
266 1405 329 1469 que
346 1391 425 1452 sunt
441 1384 476 1452 in
488 1387 602 1470 Regno
619 1384 780 1470 predicto,
797 1387 886 1454 nullo
903 1388 1001 1456 modo
1018 1389 1144 1472 absque
1156 1407 1228 1474 por·

95 1513 183 1563 sone
199 1493 355 1582 periculo,
372 1492 424 1559 cui
441 1510 478 1559 se
493 1510 558 1558 non
579 1496 673 1558 essct
690 1509 790 1558 ausus
808 1511 983 1579 exponere,
999 1494 1114 1564 venire
1129 1495 1164 1562 in
1176 1495 1229 1563 ,di-

94 1609 150 1671 cto
167 1604 306 1670 termino
322 1602 368 1670 ad
383 1606 529 1668 nostram
544 1599 745 1686 presentiam
762 1601 934 1688 potuisset,
946 1603 1111 1689 petierunt
1127 1605 1229 1674 alium

95 1709 166 1778 sibi
183 1711 358 1778 terminum
374 1707 552 1796 assignari,
568 1707 603 1775 in
620 1727 685 1794 quo
704 1709 863 1778 dicebant
877 1709 986 1798 ipsum
1011 1713 1230 1800 personaliter

94 1819 144 1885 ad
162 1816 300 1886 eandem
317 1817 430 1884 sedem
442 1816 572 1902 precise
582 1817 709 1901 absque
719 1818 865 1886 ulteriori
878 1818 1037 1888 dilatione
1046 1825 1228 1888 venturum.

95 1929 248 2012 Cumque
272 1924 449 2011 diligenter
474 1925 637 2008 quesitum
664 1923 784 1994 luisset
807 1929 850 1994 ab
876 1926 935 2012 eis,
962 1929 1126 2012 quomodo
1152 1935 1229 1998 turc

93 2041 217 2123 posset
233 2033 454 2121 personaliter
478 2053 686 2120 comparere,
705 2034 837 2120 siquod
863 2037 904 2104 de
923 2035 1181 2105 dissentionibus
1197 2041 1231 2102 et

95 2144 228 2231 guerris
243 2142 447 2229 premittitur,
465 2143 606 2210 ueritate
623 2141 774 2230 fulcitur,
795 2145 1047 2232 responderunt,
1065 2145 1153 2230 quod
1169 2145 1229 2212 bu·

94 2253 245 2322 iusmodi
270 2251 493 2320 dissentiones
518 2259 552 2320 et
577 2271 713 2339 guerre,
730 2259 767 2319 ut
792 2273 902 2322 sorum
920 2253 1029 2322 uerbis
1044 2260 1182 2340 utamur,
1199 2257 1231 2322 in

94 2363 266 2431 cessando
293 2362 358 2427 iarn
384 2365 500 2446 eraut,
525 2367 559 2427 et
584 2359 670 2428 adeo
688 2367 760 2429 erat
776 2362 865 2429 iuter
879 2368 991 2449 partes
1007 2363 1041 2430 iu
1059 2363 1232 2433 concordio

92 2471 332 2540 reformatione
349 2487 550 2555 processum,
570 2467 659 2552 quod
673 2487 733 2554 pro
758 2469 865 2556 ipsios
898 2468 1049 2538 firmitate
1074 2471 1137 2538 ium
1152 2469 1230 2538 binc

94 2579 178 2648 inde
205 2579 339 2648 obsides
365 2577 435 2643 dati
450 2583 555 2644 erant.
585 2579 625 2644 lit
641 2596 713 2644 cum
729 2583 895 2663 peteretur
912 2577 954 2645 ab
970 2578 1072 2666 ipsis,
1097 2577 1229 2662 quando

93 2690 168 2756 dati
182 2687 317 2756 fuerunt
332 2685 466 2753 obsides
494 2685 686 2771 supradicti,
703 2684 866 2769 dixerunt,
882 2687 969 2772 quod
985 2692 1124 2773 quatuor
1140 2705 1228 2754 men·

92 2798 192 2864 sibus
223 2797 290 2863 iam
322 2795 456 2880 elapsis.
489 2791 638 2860 Ceterum
671 2813 744 2860 eum
775 2795 949 2862 memorati
979 2795 1165 2881 Capitulum
1197 2801 1230 2864 et

93 2905 259 2973 Gauonici
274 2903 520 2988 strigonienses
536 2901 571 2968 in
587 2903 804 2971 concessione
831 2901 954 2972 decreti
971 2923 1036 2970 nou
1053 2905 1159 2971 solum
1174 2923 1229 2972 ra·

91 3014 148 3098 rii,
166 3015 229 3082 sed
245 3021 278 3080 et
293 3014 358 3082 sibi
376 3011 534 3081 contrarii
551 3012 620 3079 sint
635 3013 773 3099 inventi,
788 3033 873 3080 nunc
888 3033 986 3102 super
1001 3015 1163 3082 electione
1179 3013 1227 3100 ip-

92 3125 167 3191 sius
184 3123 361 3208 Propositi,
377 3141 464 3188 nuno
480 3140 580 3207 super
595 3122 819 3210 postulatione
838 3123 959 3209 prefati
976 3122 1228 3208 Vesprimieusis

90 3231 255 3319 Episcopi
282 3231 436 3299 diversas
461 3236 494 3297 et
518 3229 682 3300 aduersas
708 3231 918 3299 coneedendo
944 3232 1145 3318 scripturas,
1161 3249 1227 3299 non

92 3340 274 3408 ridebatur
297 3337 381 3406 fides
407 3337 497 3406 dicto
523 3337 657 3406 decreto
683 3361 741 3426 pro
758 3345 854 3427 perte
870 3339 975 3427 ipsius
990 3337 1156 3425 Propositi
1172 3357 1227 3404 ex·

91 3449 202 3516 bibito
219 3447 432 3532 aliquatenus
449 3445 649 3514 adhibenda.
678 3447 758 3514 (lum
777 3448 865 3515 circe
881 3446 1046 3516 decretum
1064 3445 1228 3532 abipsius

91 3557 276 3643 actoribus,
296 3556 451 3643 Capitulo
469 3556 600 3624 scilicet
616 3563 651 3624 et
667 3556 852 3644 canonicis,
870 3575 928 3626 seu
944 3558 988 3625 ab
999 3555 1228 3625 habentecau·

90 3685 171 3733 sam
188 3664 232 3734 ab
248 3667 342 3752 ipsis,
359 3671 441 3751 puta
458 3665 565 3734 electo
581 3683 642 3752 per
659 3685 727 3750 eos,
744 3665 787 3733 ad
802 3665 1000 3734 fundandam
1011 3665 1227 3732 intentionum

89 3793 190 3842 suam
206 3771 416 3860 producitur,
435 3791 554 3857 equum
571 3790 634 3840 non
652 3779 751 3858 esset,
770 3773 870 3841 immo
887 3791 1020 3860 prorsus
1036 3773 1226 3852 absurdum,

87 3880 193 3948 tidem
209 3881 249 3964 ei,
268 3881 411 3948 maxime
431 3899 504 3948 curu
520 3899 585 3950 non
603 3880 744 3966 publico,
762 3881 824 3948 sed
838 3882 970 3968 private
985 3883 1144 3967 scripture
1163 3878 1228 3948 rim

87 3990 230 4072 babeat,
248 3991 401 4059 adbiberi
428 3991 604 4080 presertim
621 3991 684 4060 hoc
698 4011 778 4060 casu
788 4042 798 4076 ,
817 4012 899 4079 oum,
919 3993 1005 4060 sicut
1019 3990 1228 4078 premittitur,

86 4117 157 4185 per
182 4105 429 4184 procuratorem
459 4098 563 4186 ipsius
587 4099 750 4186 Propositi
775 4099 875 4167 luerit
894 4101 926 4166 in
942 4099 1065 4167 indicio
1082 4119 1141 4187 pro
1157 4101 1228 4168 eius

84 4213 194 4294 parte
208 4226 415 4295 responsum,
434 4207 640 4295 electionem,
660 4207 702 4278 de
719 4227 784 4294 qua
800 4208 918 4294 agitur,
934 4207 1037 4277 luisse
1053 4229 1112 4296 per
1126 4208 1228 4294 inspi-

85 4317 283 4402 rationem3
300 4317 467 4387 decretum
496 4337 574 4387 vero
600 4319 783 4404 predictum
800 4337 874 4387 eam
904 4339 964 4406 per
987 4318 1075 4388 riam
1102 4337 1230 4403 compro

82 4425 192 4493 missi
209 4434 341 4494 asserat
361 4428 583 4515 celebratam,
608 4431 721 4514 sicque
737 4449 802 4496 nou
819 4429 863 4496 sit
886 4428 1020 4497 dubium
1038 4430 1227 4514 procurato·

81 4537 140 4604 ris
156 4536 406 4620 responsionem
424 4541 457 4602 et
472 4537 596 4606 decreti
612 4537 809 4624 scripturam
826 4541 981 4622 tanquam
998 4535 1160 4614 diversas,
1170 4534 1227 4600 isr-

81 4663 151 4713 mo
176 4649 306 4731 postet
330 4644 491 4717 aduersas
501 4695 510 4732 ,
536 4643 633 4717 fidem
650 4645 713 4715 sibi
729 4644 870 4715 invicem
889 4644 1072 4730 derogare,
1090 4659 1151 4709 nec
1165 4639 1225 4710 ali·
