3156 5158
585 333 732 434 *se—

102 530 226 600 uientes
251 532 458 618 presentium
486 511 681 600 auctoritate
713 501 950 603 confirmamus.
984 535 1107 600 Datum
1138 535 1227 620 apud

101 640 336 707 Monasterium
361 639 475 708 Sancti
501 639 619 709 Jaoobi
647 642 689 707 de
706 641 799 710 Solen
816 641 850 706 in
867 642 1008 710 erastino
1026 639 1225 710 Oetauarum

102 748 294 818 Natiuitatis
310 748 443 819 Domini
459 771 545 818 anno
555 750 701 817 eiusdem
713 750 759 816 Μ0
769 745 834 820 00⁰
845 750 1088 840 septuagesimo
1101 751 1223 836 quinto.

280 942 426 1017 (liredetie
439 961 457 1002 a
469 963 510 1003 sa.
524 943 648 1004 martoni
657 944 813 1021 ib'apltstg
825 944 1046 1018 levelttrtban.)
1129 969 1132 976 ¹

530 1250 776 1260 -—-‚,—„4—-

627 1762 685 1828 28.

99 1967 120 2028 l
124 1965 158 2030 V.
177 1962 294 2030 Lento
307 1963 414 2050 lcirrilp·
432 1984 452 2026 a
469 1961 640 2028 szeaoedett
658 1915 758 2025 ledrok
775 1960 1046 2027 teloirrteie'biiltir'bb
1058 1963 1224 2048 oeszpra'rni

217 2069 309 2136 latitet
327 2071 520 2158 adomoinyoz
535 2092 556 2134 a
572 2070 741 2157 eeezprerni
756 2069 986 2156 lociptalarrnolc.
1004 2071 1101 2133 1275.

158 2249 161 2254 ¹
208 2267 385 2337 Ladislaus
411 2269 475 2336 Dei
501 2269 615 2354 gracia
641 2267 827 2352 Hongarie,
858 2267 1049 2352 Dalmaoie,
1076 2267 1238 2354 Croaeie,

93 2381 203 2446 Rama
212 2428 222 2462 ,
239 2375 372 2462 Servie,
390 2375 549 2458 Gallieie,
576 2373 791 2459 bodomarie,
808 2375 966 2443 Cumania
976 2423 985 2458 ,
1003 2375 1224 2462 Bulgariequo

93 2488 169 2554 Rex
186 2485 336 2554 omnibus
353 2485 538 2553 Christiane
563 2483 641 2552 fidei
663 2484 843 2552 oultoribus
875 2484 1083 2570 presentibus
1099 2486 1222 2571 pariter

92 2604 128 2664 et
156 2593 297 2679 futuris,
322 2601 494 2679 presentes
520 2593 645 2660 litteras
671 2593 868 2678 inspeoturis
897 2595 1035 2660 salutem
1057 2594 1089 2660 in
1106 2595 1223 2662 salutis
1263 2616 1270 2630 ¹

91 2705 267 2792 largitore.
285 2704 444 2784 Quoniam
462 2702 566 2772 seeuli
582 2701 808 2788 Principibus,
835 2701 951 2786 quibus
967 2701 1104 2788 plurima
1120 2704 1222 2787 largi-

88 2821 147 2882 tus
166 2820 222 2884 est
236 2815 328 2881 Deus
338 2863 347 2898 ,
365 2831 513 2897 quosque
539 2811 760 2897 potentatibus
777 2810 916 2898 preleeit
931 2812 1151 2898 plurimorum,
1168 2831 1224 2896 op-

89 2924 179 2990 tima
195 2941 301 2989 rerum
314 2923 389 3008 jure
404 2921 526 3007 seripto
550 2930 700 2988 censetur
717 2937 791 2986 esse
807 2939 961 2987 mensura
970 2972 980 3007 ‚
996 2919 1029 2986 in
1047 2920 1223 2988 Saorosan-

88 3039 187 3098 etam
212 3034 351 3097 Matrem
375 3027 560 3098 Eeolesiam
590 3026 780 3110 largioionis
806 3029 901 3096 titulo
932 3030 1124 3096 immensitas
1150 3051 1222 3098 oon-

88 3141 243 3225 quisita,
259 3136 292 3203 in
307 3137 359 3204 his
374 3136 599 3224 potissimum,
625 3136 657 3202 iu
674 3135 793 3222 quibus
809 3157 874 3203 non
890 3144 956 3203 tam
973 3156 1062 3204 mere
1077 3137 1222 3204 liberali·

86 3251 200 3332 tatis,
228 3266 323 3331 quam
349 3246 463 3336 pocius
488 3245 565 3312 talis
590 3244 731 3312 donaeio
751 3246 966 3333 dampnorum
979 3247 1052 3332 jam
1068 3245 1220 3314 datorum
1249 3295 1254 3305 ,

85 3356 216 3425 incidit
230 3355 264 3422 in
279 3373 499 3442 rempensam.
514 3353 600 3421 Hine
616 3360 676 3440 est,
694 3354 780 3438 quod
796 3375 868 3421 oum
885 3375 987 3442 nuper
1002 3375 1063 3424 nos
1079 3357 1222 3423 exercitu

84 3465 213 3537 valido
229 3464 441 3532 innumerosa
456 3463 664 3532 multitudine
679 3463 786 3548 Regni
801 3465 903 3530 nostri
919 3465 1076 3532 nobilium
1089 3468 1222 3550 eopioso

83 3597 151 3664 per
182 3573 453 3662 wesprimiensis
479 3573 629 3642 Eeolesie
651 3573 881 3660 possessiones
907 3581 939 3641 et
965 3573 1082 3660 predia
1106 3575 1222 3642 transi-

83 3695 163 3752 tum
182 3682 341 3768 feeimus,
367 3683 484 3750 eadem
509 3681 712 3750 Venerabilis
737 3683 1002 3768 wesprimiensis
1022 3684 1173 3750 Euelesia
1190 3687 1223 3751 in

81 3812 232 3861 suorum
248 3789 464 3877 spoliatione,
480 3791 666 3877 prediorum
692 3791 902 3858 desolaeione
919 3791 1061 3860 omnium
1078 3798 1111 3858 et
1137 3811 1222 3859 oom-

79 3899 253 3970 bustione
270 3899 393 3967 damna
407 3900 610 3986 perplurima
626 3907 676 3968 est
692 3919 870 3986 perpessa;
902 3921 1002 3984 qnare
1020 3921 1080 3968 nos
1098 3901 1139 3968 rie
1156 3922 1221 3968 om·

78 4013 187 4078 nium
204 4009 370 4075 Beronum
386 4015 570 4077 nostrorum
597 4009 803 4092 induooione,
822 4007 960 4075 oonsilio
985 4008 1163 4095 benevolo,
1191 4015 1223 4078 et

77 4136 240 4188 assensu
255 4116 290 4183 in
306 4137 479 4204 repensam
497 4116 685 4203 aliqualem,
702 4116 778 4182 lieet
794 4135 858 4182 non
873 4117 1024 4201 plenam,
1042 4125 1119 4186 soto
1134 4138 1222 4185 man-

75 4232 210 4298 siones
228 4227 443 4294 castrensium
469 4227 502 4294 in
518 4227 672 4294 suburbio
701 4225 948 4312 Wesprimiensi
972 4245 1045 4294 eum
1071 4229 1221 4296 omnibus

73 4338 159 4408 suis
193 4335 482 4424 possessionibus,
505 4337 621 4421 terris,
647 4343 679 4402 et
705 4336 830 4424 sylvis,
857 4355 991 4420 quorum
1007 4338 1221 4404 eastrensium

74 4445 319 4514 nominarunt
334 4443 415 4511 heo:
433 4441 536 4528 Gede,
553 4445 677 4528 Voaka,
695 4443 777 4531 Syl,
795 4444 952 4525 Thomas,
969 4447 1069 4529 Buba,
1087 4444 1220 4526 Butbus,

67 4555 251 4635 Miehael,
268 4561 302 4621 et
317 4553 474 4642 Iuranka3
490 4555 570 4621 item
586 4562 653 4623 tres
670 4555 856 4624 mansiones
872 4555 1139 4624 baeoiniferorum
1156 4554 1221 4619 Du-

66 4667 219 4736 aalium
235 4663 270 4729 in
286 4663 404 4732 eodem
420 4663 669 4752 Wesprimiensi
684 4663 838 4732 suburbio
856 4668 1068 4748 constitutas,
1086 4681 1220 4750 quorum
