3142 5164
881 305 949 382 220

838 401 1000 412 .—.—-—-

352 505 481 593 miensi,
498 529 520 576 a
536 525 602 590 qna
616 505 651 572 in
667 505 765 574 rebus
780 505 1018 592 temporalibus
1034 507 1137 575 multa
1152 507 1319 577 beneficia
1334 529 1398 579 nos
1417 529 1479 578 me·

351 613 514 696 minimus,
530 621 564 682 ct
579 614 859 699 recognoscimus,
875 614 1087 684 necessitatis
1097 621 1210 682 nostre
1225 615 1260 682 iu
1275 617 1478 704 temporibus

351 723 527 811 recepisse,
544 723 588 792 ad
603 721 779 792 utilitatem
804 729 839 791 et
853 722 1110 810 perpetuitatem
1125 724 1292 809 Propositi
1317 733 1352 792 et
1381 725 1478 814 Gapi·

351 833 411 904 tuli
435 832 540 921 ipsius
565 831 717 901 Ecclesia
742 830 1002 916 vesprimiensis
1028 829 1198 918 dedimus,
1223 833 1426 903 donavimus
1453 843 1482 903 et

353 942 562 1025 contulimus,
579 946 739 1027 perpetuo
755 945 789 1006 ct
803 937 943 1023 pacifice
958 937 1215 1027 possidendam3
1232 941 1334 1009 sitam
1343 943 1480 1028 mixtim,

352 1072 411 1140 per
426 1051 570 1120 maxime
587 1069 660 1116 eum
675 1049 753 1135 alijs
769 1049 866 1118 terris
890 1047 1040 1134 ejusdem
1055 1048 1206 1116 Ecclesia
1222 1049 1256 1118 in
1281 1049 1404 1119 eodem
1419 1059 1482 1120 ter-

351 1163 465 1232 ritorio
482 1161 524 1228 de
541 1161 649 1228 Boron
665 1158 862 1248 constitutis,
881 1176 963 1242 quas
979 1159 1023 1226 ab
1036 1158 1130 1246 olym
1147 1158 1222 1247 ipsa
1232 1159 1389 1229 Ecclesia
1404 1162 1483 1229 Ves-

352 1269 541 1357 primiensis
558 1270 667 1353 quiete
684 1259 872 1336 dinoscitur
880 1267 1042 1335 hactenns
1059 1265 1272 1355 possedisse,
1299 1274 1334 1354 et
1349 1289 1414 1354 per
1430 1291 1482 1338 no-

353 1381 455 1448 bilem
470 1379 575 1446 virum
592 1377 752 1447 Comitem
767 1376 955 1444 Johanuem
974 1375 1077 1444 lilium
1086 1375 1235 1462 Sydon,
1260 1375 1323 1445 sub
1339 1379 1484 1446 testimo

352 1489 407 1558 nio
442 1487 590 1574 ejusdem
615 1485 760 1574 Capituli
788 1487 955 1570 Albensis,
991 1486 1199 1571 Prepesitum
1217 1492 1257 1554 -et
1291 1485 1483 1572 Capitulum

350 1597 502 1668 Ecclesia
518 1595 777 1684 vesprimiensis
802 1593 930 1681 prefate
954 1593 1213 1680 incorporalem
1233 1595 1484 1680 possessionem

351 1713 384 1774 et
399 1713 591 1794 perpetuam
614 1709 763 1772 tenutam
788 1701 936 1789 ejusdem
961 1707 1048 1770 terre
1074 1702 1117 1770 de
1142 1703 1252 1770 Beren
1276 1709 1311 1772 et
1335 1707 1482 1772 omnium

352 1816 548 1900 utilitatum,
574 1835 616 1882 ac
639 1810 918 1904 pertinenciarum
943 1831 1098 1896 suarum,
1124 1811 1213 1882 nullo
1238 1813 1482 1884 contradictore

350 1931 554 2014 apparente,
575 1923 736 2010 jussimus
753 1931 786 1989 et
812 1921 949 1988 fecimus
975 1919 1147 1990 introduci.
1175 1923 1221 1991 Ut
1241 1922 1344 2006 igitur
1372 1922 1482 2010 hujus·

351 2034 441 2102 modi
457 2031 671 2110 donacionis,
698 2037 737 2098 et
748 2030 944 2099 collacionis
959 2037 1073 2100 nostre
1096 2032 1200 2098 series
1216 2032 1316 2099 robur
1332 2033 1480 2118 optineat

351 2147 509 2230 perpetue
524 2133 696 2222 firmitatis,
713 2158 773 2208 nec
789 2137 897 2226 possit
913 2157 1072 2224 processu
1087 2138 1244 2223 temporis
1255 2139 1399 2226 irritari,
1411 2161 1480 2227 pre·

351 2257 463 2318 sentes
488 2251 602 2318 literas
628 2247 770 2334 duplicis
787 2247 889 2332 sigilli
914 2247 1020 2316 nostri
1036 2246 1215 2314 munimine
1240 2247 1317 2315 dari
1342 2247 1478 2316 fecimus

351 2359 538 2428 roboratas.
562 2360 684 2428 Datum
702 2379 760 2446 per
776 2375 893 2442 manns
910 2356 1047 2425 discreti
1072 2356 1135 2426 viri
1158 2354 1309 2440 llagistri
1328 2357 1477 2426 Ladislai

350 2468 515 2555 Prcpositi
532 2467 684 2536 Ecclesia
708 2466 903 2546 Vaciensis,
929 2466 1007 2532 aule
1023 2472 1135 2534 nostre
1153 2463 1378 2551 (lancellarij,
1404 2465 1476 2534 tide

350 2573 392 2643 lis
426 2577 540 2644 nostri.
573 2578 669 2644 Anno
697 2575 828 2644 Domini
859 2574 1037 2645 millesimo
1069 2572 1294 2644 ducentesimo
1326 2583 1476 2662 octuage·

350 2703 444 2754 armo.

350 2878 472 2953 (Robert
484 2879 596 2954 Kdroly
613 2878 769 2956 kirdlynak
789 2877 903 2936 leae-ki
916 2837 1090 2952 megerdsitd
1109 2874 1364 2950 privilegiumdbdl
1373 2919 1382 2948 ,
1400 2877 1472 2949 mely

542 2968 735 3043 avesaprdmi
747 2967 889 3043 kdptalan
909 2965 1113 3027 lcvdltdrdban
1127 2965 1287 3040 drictetik.)
1335 2988 1341 2996 ·

774 3283 1044 3294 ..n-n—r-——n-o
