3156 5158
599 279 760 383 2⁷-

109 478 217 562 nebat,
234 477 383 545 similiter
398 497 472 566 cum
488 477 638 546 omnibus
665 478 734 546 suis
761 479 970 547 monimentis
998 480 1139 548 contulit
1162 479 1238 573 Alc·

110 585 235 652 sandro
250 585 344 653 Bono
360 589 491 671 prefato
506 589 538 653 in
557 588 783 654 concambium
800 595 888 656 terre
903 595 1094 671 memorate,
1110 589 1155 656 ad
1170 609 1239 654 ma-

110 696 207 760 iorem
232 713 312 761 vcro
338 697 504 763 cantelam
529 697 655 780 Mykou
673 702 706 760 et
721 695 812 763 Echo
827 695 888 782 filij
905 696 997 764 Eiche
1014 715 1125 764 coram
1140 697 1237 764 nobis
1305 781 1311 792 Ι

109 805 324 888 personaliter
339 805 509 872 constituti
525 805 600 872 huic
626 803 834 873 ordinacioni
851 825 910 873 sou
939 805 1133 874 concambio
1162 823 1236 872 oon·

107 929 235 978 sensnm
260 912 462 998 prebuerunt
486 919 519 978 et
544 931 728 997 assensum3
748 914 796 980 ita
824 914 911 996 quod
936 915 1071 984 amodo
1088 911 1163 980 vllis
1181 932 1235 978 vn-

108 1039 202 1104 qnam
218 1022 420 1106 temporibus
436 1040 535 1108 snper
560 1021 749 1106 hujusmodi
766 1022 879 1090 habito
896 1025 1089 1092 concambio
1103 1043 1236 1094 monere

108 1130 253 1196 valerent
278 1130 453 1198 materiam
478 1130 672 1214 questionis.
700 1133 821 1198 Datum
848 1132 884 1200 in
910 1134 1024 1202 Zolum
1052 1136 1087 1203 in
1104 1137 1233 1204 oetaeis

107 1237 215 1306 Sancti
231 1239 344 1322 Regis,
361 1260 448 1306 anno
466 1239 598 1307 Domini
615 1241 788 1309 millesimo
806 1241 893 1310 GGo
907 1243 1034 1311 Lxx-o
1051 1249 1179 1328 quarto.
1227 1311 1229 1316 .

106 1432 137 1501 (ΙΔ
151 1433 241 1504 Lajos
265 1433 362 1506 kirtly
385 1435 528 1492 lessdiki
552 1434 721 1509 itiratibol,
744 1437 881 1510 melynck
892 1439 1035 1510 eredetiJ'e
1047 1456 1065 1496 a
1078 1440 1106 1496 b.
1118 1438 1232 1499 Wesse·

298 1525 377 1598 ltnyi
390 1525 491 1583 csalad
502 1523 704 1584 loseltaraban
717 1545 783 1586 van.
808 1528 891 1583 Sactc'
903 1531 1032 1598 Korolp.)

540 1821 557 1830 ¹-
606 1823 618 1830 .ι
639 1823 798 1836 -..ψ-...Ἥ

632 2369 685 2434 Π.

97 2568 117 2628 I
121 2567 151 2630 V.
171 2566 289 2632 narso
301 2566 409 2654 kirtly
424 2567 518 2632 Peter
532 2577 640 2632 mester
664 2570 829 2650 eadmero,
846 2590 868 2631 a
892 2567 982 2634 esca
997 2569 1226 2656 tremaetsepbiil,

95 2676 270 2760 nepertiotti
280 2675 419 2762 &ynete
429 2676 571 2741 birtokra
581 2675 755 2740 vooaokozo
764 2677 782 2738 1
786 2677 904 2740 ase-ti
918 2676 1109 2763 adomdnycit
1124 2679 1221 2743 1274.

202 2871 376 2939 Ledislans
402 2873 465 2939 Dei
499 2873 615 2958 gracia
639 2872 825 2957 Hungarie,
854 2873 1045 2958 Dalmacie,
1060 2873 1222 2943 'Oroacie

94 2983 218 3065 Reme,
234 2981 367 3062 Seruio,
385 2979 546 3063 Gallicis,
564 2979 779 3068 Lodomerie‚
801 2982 975 3066 (inmanis,
1003 2983 1223 3068 Belgarieque

92 3089 160 3155 Rex
186 3091 335 3156 omnibus
360 3089 482 3157 Christi
506 3088 658 3157 fidelibus
684 3109 822 3176 presens
849 3090 1003 3177 scriptum
1018 3091 1221 3177 inspecturis

92 3201 232 3276 salntem
248 3201 282 3264 in
308 3218 386 3266 vero
412 3200 586 3266 salvatore.
612 3198 662 3266 Ad
693 3201 916 3266 universorum
934 3200 1089 3266 noticiam
1105 3199 1220 3267 harum

92 3309 175 3374 serie
193 3309 343 3374 volumus
360 3307 534 3392 pervenire
551 3331 559 3371 :
577 3307 664 3390 qnod
691 3308 848 3393 magister
873 3309 989 3373 Petrus
1016 3308 1134 3376 Comes
1161 3309 1221 3375 Su·

92 3417 282 3499 pioniensis
298 3425 332 3482 et
348 3415 597 3501 Sumeghiensis
613 3415 752 3483 dilectus
769 3421 801 3480 et
816 3413 924 3482 fidelis
952 3419 1065 3482 noster
1093 3417 1139 3482 ad
1164 3436 1219 3484 nc·

91 3531 193 3592 stram
222 3524 386 3593 accedens
412 3525 618 3610 presenciam
646 3523 794 3590 exhibuit
819 3525 915 3592 nobis
940 3523 1146 3608 privilegium
1164 3545 1219 3592 no-

92 3645 194 3702 strum
219 3637 325 3721 primo
351 3657 437 3702 anno
463 3637 568 3720 Regni
592 3635 696 3702 nostri
722 3653 823 3721 snper
852 3636 1064 3719 possessione
1090 3635 1219 3721 Scynee

88 3750 208 3810 vocata
217 3743 412 3824 coniectum,
427 3763 491 3809 non
503 3763 624 3825 rasum,
635 3762 702 3810 non
719 3743 951 3828 cancellatum,
967 3763 1032 3808 non
1047 3743 1218 3827 abolitum,

89 3853 199 3917 necin
216 3853 331 3937 aliqua
347 3853 398 3920 soi
414 3857 507 3936 parte
532 3851 708 3937 viciatum
734 3859 850 3938 petens
877 3870 948 3916 cnm
973 3852 1156 3936 instancia,
1183 3858 1220 3918 nt

88 3961 305 4028 collacionem
323 3960 365 4026 de
381 3961 455 4046 ipsa
470 3960 681 4046 possessione
707 3961 832 4044 Scynee
847 3965 926 4028 tunc
942 3958 1008 4026 sibi
1023 3959 1147 4028 factam
1163 3979 1215 4027 ra-

88 4067 227 4152 tificare‚
253 4067 344 4134 etde
360 4089 444 4136 novo
460 4069 568 4154 ipsum
578 4069 783 4156 priuilegium
793 4069 1002 4154 dignaremur
1012 4067 1217 4138 confirmare.

88 4177 188 4245 Gnins
206 4185 301 4244 tenor
318 4178 395 4242 talis
412 4185 472 4244 est.

193 4284 373 4352 Ladislaus
389 4284 430 4349 D.
446 4307 494 4371 gr.
511 4285 679 4368 Hungarie
695 4285 757 4352 stb.
774 4285 846 4352 Rex
871 4285 935 4352 stb.
963 4289 1145 4363 (kovctkeaik
1163 4293 1215 4370 IV,

85 4401 189 4458 Laenio
207 4402 302 4473 kiraly
322 4402 450 4456 lais-ki
466 4402 670 4475 privilegiuma,
687 4403 758 4457 mint
771 4401 876 4458 fenebb
893 4404 922 4457 9.
939 4421 977 4456 sa.
993 4419 1019 4456 a.
1033 4402 1083 4455 23.
1100 4388 1134 4477 l.)

193 4505 268 4572 Nos
284 4503 398 4587 itaque
413 4505 558 4574 eiusdem
587 4506 741 4591 Magistri
756 4505 845 4573 Petri
870 4504 972 4589 jnstis
997 4501 1214 4588 peticionibus

86 4619 299 4699 annuentes,
326 4619 562 4700 gestantesque
594 4633 700 4681 coram
717 4621 831 4684 nostre
847 4613 1029 4682 Maiestatis
1045 4610 1150 4680 oeulis
1166 4611 1213 4676 in·
