3142 5170
652 1063 725 1129 155.

127 1281 148 1344 Ι
152 1278 187 1343 V.
205 1276 320 1343 aazia
334 1279 443 1366 hirnia
468 1279 599 1366 Mdtyds
614 1275 695 1366 9r6f
714 1279 745 1342 de
770 1279 911 1342 testudrai
925 1280 1071 1342 szdmdra
1085 1283 1251 1367 meysijitja

128 1387 189 1455 IV.
207 1385 356 1452 Bdldaak
372 1386 439 1452 ih'db
462 1383 1039 1473 Vuameyyeihelyedqekeeuouaikozd
1052 1387 1251 1474 adoutdnydi.

645 1494 742 1562 1283.

231 1687 406 1758 Ladislans
423 1689 486 1758 Dei
504 1692 618 1776 grania
635 1691 707 1756 Rex
723 1689 892 1771 Hungarie
915 1688 1072 1756 memorie
1088 1709 1250 1760 sommen-

125 1799 243 1865 damus
260 1796 488 1880 signifieantes
505 1798 624 1881 quibus
641 1797 774 1884 expedit
789 1793 951 1864 uniuersis
967 1799 1176 1882 presencium
1192 1809 1251 1885 pei

123 1913 272 1971 tenorem
291 1929 299 1971 ε
316 1905 411 1984 Quod
427 1926 487 1973 nas
504 1911 639 1994 propter
654 1905 775 1971 merita
792 1904 1003 1971 seruieionum
1027 1906 1164 1975 (tonius
1179 1907 1247 1974 Ma·

122 2011 199 2089 thie,
216 2013 334 2097 Irenei,
353 2012 466 2088 Olben,
485 2013 659 2097 Juhannie,
677 2013 772 2079 Pauli
788 2019 822 2078 et
839 2011 999 2096 Stephani
1016 2011 1250 2084 fratrum'sno-

122 2140 204 2204 mm,
223 2140 284 2206 qne
301 2121 404 2206 ijdem
421 2120 454 2186 in
471 2121 612 2187 diuersis
638 2121 743 2203 Regni
767 2121 869 2185 nostri
887 2119 1158 2206 expedieionibus
1175 2141 1249 2188 eon-

124 2234 253 2294 stanter
269 2227 500 2312 impenderunt
516 2233 549 2293 et
566 2227 706 2310 deuote,
723 2227 954 2311 possessiones
982 2247 1092 2296 eornm
1109 2229 1253 2318 Oheyne,

123 2335 265 2418 Kazaar,
283 2334 376 2413 Path‚
396 2334 579 2418 Chemerei,
596 2336 703 2403 Fdzes
713 2386 722 2421 ,
741 2336 792 2423 Ε]
809 2341 843 2401 et
872 2335 1089 2404 Zauvashend
1116 2345 1253 2406 vasatas

120 2444 153 2508 in
171 2442 340 2510 Oomitatu
351 2442 460 2510 Gastri
476 2443 576 2509 ferrei
593 2445 785 2526 existentes,
797 2461 879 2526 quas
891 2442 995 2526 ijdem
1013 2465 1053 2510 ex
1070 2445 1255 2514 eellaeione

120 2551 201 2618 Bele
219 2551 275 2616 aui
291 2551 394 2616 nostri
411 2550 663 2618 eminentissimi
690 2549 798 2616 felinis
822 2549 1068 2617 recordacionis
1085 2571 1121 2617 se
1138 2552 1253 2620 dieunt

122 2657 307 2744 possidere,
324 2663 356 2723 et
382 2677 442 2742 per
467 2657 634 2725 dominnm
650 2657 854 2742 Stephanum
870 2662 999 2741 patrem
1015 2664 1158 2725 nestrum
1178 2679 1252 2726 eon-

121 2767 288 2842 firmatam
307 2784 381 2832 esse
398 2765 613 2834 colluuionem
631 2766 686 2831 aui
703 2765 809 2833 nostri
825 2764 1042 2850 antedictam,
1059 2766 1185 2833 eisdem
1202 2787 1252 2834 re·

119 2872 279 2957 liquimus
296 2873 361 2940 imo
379 2873 576 2940 contulimus
593 2874 627 2940 in
644 2880 836 2958 perpetuum
848 2871 1069 2956 possidendas
1080 2879 1113 2939 et
1127 2873 1253 2941 haben·

118 2981 179 3050 das
196 2983 233 3047 in
250 2979 337 3048 filias
354 2981 493 3048 filiorum
511 3001 549 3048 eo
566 2982 666 3048 modu
684 2999 791 3064 eaque
808 2969 1023 3064 plenitudine,
1042 2982 1252 3064 quemadmo-

117 3089 193 3156 dum
223 3109 266 3156 ex
290 3089 472 3154 collacione
498 3095 531 3156 et
553 3089 805 3156 confirmacione
822 3087 878 3153 aui
895 3087 999 3154 nostri
1017 3095 1051 3153 et
1066 3089 1171 3173 patris
1188 3107 1255 3154 no‘

121 3203 180 3265 stri
199 3197 440 3282 dignoscuntur
454 3197 671 3285 possedisse5
700 3198 745 3264 ita
769 3203 804 3263 vt
819 3193 858 3282 ssi
874 3195 960 3262 idem
977 3195 1094 3264 Comes
1111 3198 1254 3265 Mathias

121 3309 194 3375 siue
209 3305 339 3374 herede
355 3305 546 3392 decesserit,
563 3307 664 3392 ijdem
680 3307 823 3388 Ireneus,
840 3305 1022 3388 iohannes,
1041 3305 1153 3390 Other,
1170 3307 1252 3373 Pau·

119 3415 169 3482 ius
188 3423 225 3482 et
242 3413 430 3501 Stephanus
446 3414 519 3480 sine
545 3413 789 3496 inquietaeione
805 3412 995 3498 [cujuslibet
1011 3415 1044 3479 in
1061 3419 1254 3501 perpetuum

114 3521 301 3608 possidere
316 3523 453 3590 ualeant
468 3522 593 3608 pariter
623 3530 656 3588 et
671 3521 794 3590 habere
809 3521 1040 3607 possessiones
1058 3519 1253 3588 antedictas.

115 3629 244 3698 Datum
261 3632 295 3698 in
306 3631 434 3718 Ghojne
451 3632 484 3698 in
502 3632 556 3698 die
567 3629 720 3698 Oinernm
731 3649 818 3697 anno
828 3630 960 3697 Domini
970 3629 1021 3696 M⁰
1031 3629 1101 3698 00⁰
1110 3629 1255 3697 Lxxx⁰

116 3741 233 3809 tereio.

198 3951 264 4024 (tv.
279 3949 388 4010 Ldsnld
402 3949 497 4025 kirdly
510 3969 684 4026 agyananon
698 3949 745 4011 dui
765 3947 939 4025 magestate
954 3945 1169 4024 okmdnydbdl·)
