3142 5164
638 921 707 993 1¹5.

105 1141 170 1205 III.
187 1139 309 1204 Miller
327 1143 420 1224 pulpa
445 1103 696 1227 illaqyarucsedp
709 1137 843 1225 eqpbdzi
859 1141 889 1206 de
904 1139 1006 1226 vileyr·
1019 1139 1155 1206 lakosail
1164 1140 1236 1226 fcl-

102 1247 244 1334 ozdlltja,
260 1246 342 1334 bopy
367 1247 470 1334 Eulup
492 1249 678 1334 pllspdlcnelc
693 1251 725 1312 ds
740 1248 878 1332 apostoli
892 1247 1039 1312 k'o'oetcek
1054 1251 1237 1336 sepilsdpdqo

538 1357 691 1444 lcpycuek.
710 1357 807 1420 1279.

213 1569 373 1640 Nicolaus
391 1570 578 1658 Episcopus
596 1589 711 1639 seruus
728 1591 897 1642 seruorum
909 1572 970 1641 Dei
988 1537 1233 1642 venerabilibus

104 1679 265 1746 fratribus
292 1679 561 1766 Archiepiscopis
587 1688 621 1748 et
647 1680 823 1767 Episcopis
833 1729 842 1763 ,
860 1700 900 1746 ac
917 1681 1048 1750 dilectis
1065 1681 1141 1749 liliis
1157 1684 1232 1750 Ele-

103 1789 168 1856 ctis
177 1837 187 1872 ,
203 1788 387 1856 Abbatibus
397 1838 405 1872 ,
422 1788 614 1872 Prioribus,
632 1787 790 1882 Decanis,
802 1787 1065 1875 Archidiaconis,
1083 1791 1234 1877 Proposi-

101 1897 157 1982 tis,
175 1897 332 1964 Plebanis
349 1903 382 1964 ct
397 1896 473 1964 aliis
489 1897 714 1964 Ecclesiarnm
731 1897 875 1965 Prelatis
893 1905 926 1964 ct
940 1897 1110 1981 Ministris,
1127 1897 1232 1966 Gnar-

103 2005 218 2074 dianis
245 2011 278 2074 et
303 2003 526 2090 custodibus,
551 2007 592 2072 uc
610 2003 772 2092 capitulis
790 2011 823 2071 et
838 2005 1062 2074 conventibus
1079 2007 1232 2074 cisterci-

103 2115 239 2194 ciens'rs,
255 2111 371 2180 Sancti
386 2111 569 2197 Benedicti,
586 2113 912 2202 Promonstratensis,
933 2112 1181 2184 Prodicatorum
1197 2122 1232 2183 ct

100 2223 244 2289 fratrum
261 2223 420 2288 minorum
436 2239 476 2288 ac
492 2221 631 2289 aliorum
648 2221 807 2300 ordinum,
825 2229 857 2288 el
871 2221 1025 2290 universo
1038 2223 1146 2309 Olero,
1158 2242 1231 2291 nec·

102 2352 170 2398 non
196 2329 384 2416 Hospitalis
407 2329 520 2397 Sancti
536 2330 696 2399 iohannis
712 2331 990 2414 lerosolomitani,
1007 2330 1123 2398 Militis
1139 2335 1232 2400 'lem-

102 2439 153 2524 pli
169 2444 206 2506 et
221 2437 343 2504 Sancte
358 2438 462 2506 llarie
479 2438 757 2506 Tbeutoniuorum
773 2440 954 2523 Magistris,
974 2439 1231 2526 Preceptoribus

103 2553 136 2616 et
162 2545 321 2616 fratribus
347 2567 406 2631 por
426 2548 575 2632 Regnum
590 2545 738 2630 Ungarie
754 2547 950 2632 constitutis,
969 2547 1151 2614 venerabili
1168 2547 1231 2614 lra-

102 2656 148 2722 tri
174 2662 291 2724 nostro
317 2655 471 2742 Philippo
492 2656 658 2750 Episcopo
674 2656 830 2726 Firmano
846 2655 1038 2742 Apostolice
1055 2656 1152 2724 Sedis
1170 2655 1231 2721 Le-

100 2769 195 2850 gato,
213 2765 246 2829 in
263 2761 372 2832 officio
389 2763 453 2830 sibi
470 2762 645 2831 commisso
662 2761 804 2832 fideliter
819 2747 1066 2849 assistentibus,
1090 2763 1231 2832 salutem

101 2881 136 2939 et
152 2871 384 2960 Apostoliuam
400 2871 673 2938 benedictionem.
685 2871 857 2940 Militantis
868 2872 1018 2942 Ecclesie
1034 2879 1131 2959 pater
1147 2864 1230 2939 uterss

100 3001 166 3050 nus
182 2981 353 3069 proprium
368 2977 469 3046 lilium
480 2979 594 3048 Jesnm
603 2977 783 3066 Christum,
800 2986 912 3067 preter
927 2979 1013 3065 qnod
1028 3001 1124 3050 nemo
1141 2981 1233 3048 aliud

99 3109 231 3177 ponere
247 3094 380 3178 potest,
397 3087 507 3172 posuit
524 3087 790 3174 fundamentum,
813 3089 966 3158 adonius
983 3087 1132 3157 Ecclesie
1147 3089 1232 3172 regi-

99 3219 180 3266 men
205 3198 310 3266 voluit
334 3195 455 3264 Christi
481 3195 660 3262 elementia
685 3197 867 3264 Romanum
886 3195 1075 3265 Pontificem
1092 3197 1165 3266 vice
1180 3197 1233 3266 sui

98 3307 259 3394 deputari
284 3305 478 3391 ministrum,
505 3310 541 3370 ut
567 3306 637 3372 eius
653 3303 761 3390 fidem,
778 3305 1027 3374 instructionem
1043 3311 1143 3391 atque
1158 3307 1234 3374 doc·

102 3419 230 3485 trinam
265 3415 396 3499 eloquio
432 3413 581 3481 veritatis
608 3415 803 3500 evangelice
827 3414 966 3482 traditas
992 3416 1099 3483 cuncti
1126 3415 1233 3484 renati

96 3529 193 3594 fonte
221 3523 433 3615 baptismatis
456 3528 593 3591 teneant
617 3529 650 3591 et
673 3525 859 3592 observent.
884 3523 947 3604 Qui
972 3525 1058 3591 enirn
1083 3522 1229 3592 subhac

95 3637 168 3706 lide
194 3633 409 3703 laudabiliter
434 3651 545 3700 cursus
573 3632 641 3699 vite
666 3635 861 3718 peregerint,
879 3631 1076 3701 salvationis
1091 3633 1230 3721 gratiam

94 3743 330 3824 merebuntur,
347 3750 380 3810 et
397 3742 451 3824 qui
467 3739 510 3808 ab
527 3741 601 3826 ipsa
627 3739 878 3826 declinaverint,
895 3745 970 3808 sunt
986 3739 1231 3828 dampnationis

93 3862 215 3924 eterne
233 3853 402 3923 sententia
417 3847 571 3916 feriendi.
588 3848 659 3915 Hoc
674 3849 789 3934 itaque
805 3847 1019 3916 ministerium
1046 3848 1232 3933 apostolice

92 3962 274 4034 servitutis
291 3959 451 4046 exposuit,
468 3957 530 4024 hoc
547 3956 734 4026 sollicitudo
752 3962 865 4024 nostra
889 3955 1042 4040 requirit,
1060 3962 1094 4022 et
1108 3958 1151 4024 cd
1167 3956 1230 4026 hoc

90 4070 271 4145 continuis
287 4068 410 4154 vigiliis
437 4067 609 4134 anxiamur
626 4065 806 4154 potissime,
831 4069 868 4131 ut
884 4063 967 4134 lides
992 4065 1068 4150 ipsa
1091 4063 1231 4132 ubilibet

91 4187 260 4259 servetur
275 4183 310 4244 et
323 4177 447 4262 vigeat,
471 4175 632 4244 submotis
658 4173 857 4258 quibuslibet
871 4171 1023 4256 nubibus,
1040 4173 1128 4242 clare
1144 4173 1229 4241 relu·
1352 4179 1370 4206 '⁴

89 4301 178 4368 ceat
203 4297 239 4358 et
264 4283 413 4358 effundat
436 4285 471 4352 in
495 4283 645 4370 singulos
672 4282 763 4352 illam
787 4279 1016 4369 profitentibus
1033 4281 1135 4350 libere
1150 4299 1229 4354 suos

89 4403 220 4480 radios
237 4393 402 4468 claritatis
420 4416 428 4459 ε
453 4411 516 4460 nec
540 4391 648 4460 minus
664 4390 968 4478 proecolesiustice
983 4389 1141 4459 libertate
1155 4408 1230 4460 ser·

86 4511 215 4588 canda
240 4503 330 4572 euris
346 4500 519 4570 cotidianis
536 4500 737 4584 insistimus,
764 4505 797 4568 et
812 4500 954 4584 quictem
970 4500 1135 4584 querimus
1150 4495 1229 4565 tide·
1301 4576 1304 4586 Ι

84 4628 176 4694 lium
196 4613 407 4706 populorum,
423 4611 456 4680 in
472 4609 536 4678 biis
551 4609 730 4696 pastoralis
748 4607 848 4676 cilicii
864 4605 1010 4677 debitum
1028 4607 1226 4676 exolventes.
