3142 5164
831 425 844 432 Ι.
880 327 943 400 196
970 423 984 431 .

345 536 532 623 conscripta
557 539 740 602 sanctorum
767 531 882 598 merita
905 531 984 598 colit
1000 529 1163 616 Ecclesia,
1180 539 1212 599 et
1235 527 1372 599 fluctuet
1388 531 1464 600 tides

343 647 490 717 christi?
515 645 631 728 quibus
657 640 901 710 defensionibus
927 641 1047 725 poterit
1074 659 1183 707 eoram
1199 641 1257 708 illo
1274 643 1465 728 subsistere,

343 759 399 843 qui
423 756 555 842 patiens
580 761 612 818 et
629 749 757 818 humilis
773 751 943 817 miseretur
970 755 1003 846 et
1020 751 1181 834 comodat,
1199 754 1232 816 et
1247 751 1380 818 tandem
1399 773 1466 838 pro·
1550 777 1551 842 f

343 873 479 938 vocatus
496 862 648 942 adirem,
666 880 818 927 mucrone
834 860 914 928 dure
930 859 1093 926 sententis
1109 857 1188 926 ierit
1204 864 1237 926 ct
1246 861 1400 946 deprimit
1415 863 1465 930 ob
1550 847 1551 920 ἶ

343 971 526 1045 sistentes?
551 971 665 1052 Absit,
693 969 780 1051 qnod
807 967 974 1035 Oelsitndo
991 965 1096 1052 Regia
1110 967 1231 1036 talibas
1249 975 1465 1037 contraotetur
1550 949 1551 988 ³

343 1082 527 1152 insultibus.
545 1079 660 1162 Absit,
686 1078 774 1162 quod
789 1083 915 1144 tautum
932 1076 1119 1162 Principem
1139 1083 1174 1142 et
1189 1077 1238 1144 sic
1252 1077 1389 1143 electum
1406 1079 1464 1144 Re·
1550 1061 1551 1110 ³

343 1212 452 1276 gnum,
467 1188 578 1272 sieque
594 1187 762 1271 copiosam
779 1185 926 1252 fidelium
953 1183 1198 1251 multitudinem
1215 1185 1398 1270 periclitari
1414 1205 1464 1252 no·

343 1308 411 1368 stro
428 1308 572 1384 tempore
588 1295 767 1362 videamus.
787 1293 815 1362 Ο
832 1301 957 1378 quanta
973 1293 1181 1380 producimus
1193 1301 1226 1362 et
1238 1313 1337 1378 qnam
1353 1315 1464 1363 amara

342 1406 503 1496 suspiria,
529 1406 605 1474 dum
631 1403 864 1470 Celsitndinem
889 1403 1028 1488 Regiam
1051 1423 1091 1470 ac
1117 1402 1240 1469 dictum
1256 1404 1402 1487 Regnum
1417 1405 1461 1470 sic
1550 1399 1551 1434 ³

343 1517 440 1584 nobis
456 1534 544 1596 cara,
565 1512 667 1579 tantis
686 1512 832 1578 videmus
853 1511 1025 1578 subiacere
1041 1511 1212 1597 perieulis!
1231 1509 1259 1578 0
1276 1531 1375 1596 qnam
1398 1533 1465 1598 pro

343 1625 441 1694 funde
457 1623 686 1704 distrahimur,
707 1619 782 1686 dum
799 1621 940 1688 astutias
966 1619 1158 1705 infidelium,
1175 1619 1329 1686 subtilius
1346 1621 1464 1704 cogita·

342 1754 427 1817 mus,
442 1735 608 1814 alquanto
625 1729 784 1811 languore
801 1726 1024 1814 diffundimur,
1037 1729 1114 1796 dnm
1124 1727 1274 1795 timemus
1286 1729 1462 1812 nequitiam
1550 1755 1551 1782 ι

341 1840 519 1908 sitientium
537 1836 717 1906 Christiani
742 1837 856 1921 populi
882 1837 1040 1905 collidere
1066 1837 1265 1904 veritatem:
1296 1857 1374 1903 nam
1401 1837 1462 1923 ipsi
1550 1817 1551 1826 ἵ

341 1947 530 2029 scismatici,
549 1965 620 2011 cum
637 1943 844 2011 Oelsitudine
870 1945 977 2030 Regia
992 1943 1167 2012 barbarico
1183 1962 1272 2009 more
1290 1941 1460 2020 luctantes,
1550 1995 1551 2024 ,

343 2057 450 2124 eidem
467 2075 503 2123 se
518 2054 609 2138 ipsos
627 2053 788 2120 seditiosa
804 2050 985 2119 ealliditate
999 2051 1164 2119 subiciunt
1173 2101 1182 2134 ‚
1198 2059 1235 2120 ut
1250 2049 1386 2118 tandem
1401 2050 1461 2118 sibi

343 2163 520 2232 subiiciant
544 2162 615 2229 eius
640 2160 781 2228 nominis
798 2161 990 2228 claritatem.
1008 2161 1062 2228 Ad
1078 2179 1141 2244 que
1156 2159 1313 2229 Divinam
1329 2161 1462 2228 clemen·

341 2275 421 2341 tiam
448 2271 633 2340 orationum
659 2269 825 2356 suffragiis
847 2270 1012 2338 humiliter
1027 2269 1248 2358 imploramus,
1265 2277 1302 2336 ut
1317 2267 1462 2354 dignetur

342 2385 384 2451 ab
410 2381 514 2448 oeulis
539 2381 608 2447 suis
634 2399 761 2446 omnem
790 2380 909 2448 nubem
931 2386 1095 2466 excutere,
1112 2399 1287 2467 perquam
1305 2381 1462 2466 possetin

341 2489 544 2564 celsitudine
560 2487 664 2571 Regia
688 2487 867 2571 superioris
892 2489 1024 2554 luminis
1040 2485 1234 2556 beneficium
1250 2487 1412 2572 impediri,
1428 2493 1462 2553 ut

340 2600 478 2667 exclusa
494 2595 702 2662 tenebrarum
719 2594 871 2680 caligine,
884 2595 959 2678 quid
976 2595 1020 2663 sit
1030 2602 1064 2662 et
1074 2596 1139 2680 ubi,
1151 2595 1232 2679 quid
1250 2602 1336 2679 agat,
1346 2595 1461 2679 quidve

341 2709 410 2778 suis
427 2711 591 2774 mereatur
607 2704 755 2788 actibus,
772 2709 839 2770 tam
860 2705 1015 2771 exteriori
1031 2703 1415 2804 lumine‘eontempletur,
1430 2709 1463 2770 et

340 2814 574 2882 nichilominus
599 2813 687 2880 illins
713 2811 803 2879 vices
819 2819 975 2894 gerentes
991 2813 1025 2882 in
1042 2813 1147 2894 terris,
1166 2812 1223 2895 qui
1238 2833 1299 2900 pro
1315 2831 1377 2879 ove
1391 2831 1461 2898 per·

339 2923 409 2993 dita
425 2922 469 2989 ad
484 2919 617 3005 flagella
632 2919 706 2989 duci
715 2969 724 3004 ‚
752 2919 856 2986 clavis
882 2919 983 3004 alfigi,
1002 2925 1035 2989 et
1052 2919 1185 2988 tandmn
1202 2927 1339 2988 mortem
1356 2921 1461 2988 subire

339 3031 461 3112 voluit,
489 3035 526 3096 ut
542 3035 678 3094 mortem
696 3035 838 3096 nostram
858 3027 1027 3096 moriendo
1044 3029 1231 3112 redimeret,
1248 3034 1281 3094 et
1297 3047 1379 3112 quas
1394 3049 1461 3115 pro

339 3139 497 3224 thoplasti
514 3137 633 3204 delicto
651 3137 843 3220 meruimus,
865 3137 1015 3205 miserias
1033 3137 1165 3204 tolleret
1178 3135 1361 3205 infernales
1377 3163 1385 3204 ε
1402 3157 1460 3204 nos

339 3256 372 3316 et
395 3248 515 3315 fratres
540 3245 639 3313 iidem
664 3265 728 3313 non
754 3246 860 3316 solum
877 3247 910 3312 in
927 3247 989 3312 biis
1007 3246 1174 3330 adhibere,
1190 3265 1255 3329 que
1267 3245 1460 3314 videbuntur

338 3363 499 3443 oportuna
521 3355 687 3434 remedia,
714 3355 774 3422 sed
800 3376 860 3424 nos
882 3355 974 3442 ipsos
991 3357 1102 3440 etiam,
1118 3362 1214 3442 pront
1228 3362 1388 3441 tenemur,
1403 3375 1458 3440 pro

338 3463 587 3533 conservatione
611 3464 773 3532 catholice
799 3463 896 3548 fidei,
914 3467 944 3532 si
960 3463 1152 3549 expedierit,
1170 3463 1327 3532 exhibere
1343 3485 1459 3550 propo·

338 3574 455 3657 nimus,
471 3580 506 3640 at
516 3575 613 3658 Regis
630 3580 663 3640 et
678 3573 784 3658 Regni
799 3573 920 3660 prelati
941 3576 1091 3658 salutem,
1108 3572 1253 3642 etiamsi
1270 3573 1458 3658 oportuerit,

337 3705 402 3751 non
418 3683 522 3750 solnm
539 3680 776 3766 spiritualibus,
793 3683 853 3750 sed
871 3681 1109 3770 temporalibus
1120 3680 1380 3750 correctionibus
1390 3701 1458 3767 pro

337 3811 497 3860 curemus.
523 3791 567 3856 Et
591 3791 670 3856 lieet
697 3809 867 3875 speremus
893 3791 927 3859 in
953 3790 1111 3858 bonorum
1130 3791 1273 3858 omnium
1289 3789 1459 3874 directore,

336 3899 426 3984 quod
438 3899 510 3984 ipse
528 3896 764 3967 celsitudinem
780 3897 918 3982 Regiam
935 3897 1070 3964 reducet
1085 3895 1129 3966 ad
1146 3897 1331 3982 gratiamet
1343 3898 1460 3984 diriget

335 4021 394 4092 per
419 4025 549 4073 suorum
574 4006 726 4073 semitam
743 4006 970 4074 mandatorum
987 4029 993 4070 :
1011 4007 1040 4074 si
1057 4013 1188 4090 tamem
1206 4005 1296 4088 qnod
1311 4005 1411 4089 absit,
1427 4007 1460 4073 iu

335 4115 483 4198 presenti
497 4114 661 4183 varietate
678 4114 882 4200 calleseeret,
898 4115 991 4182 firma
1006 4114 1072 4184 fide
1086 4123 1246 4198 tenemus,
1263 4115 1354 4198 quod
1368 4113 1459 4182 nobis

335 4223 442 4290 aderit
457 4222 529 4306 ipse
551 4225 733 4308 propitius,
751 4229 784 4290 et
799 4245 859 4294 sna
874 4209 1025 4309 potentii
1040 4223 1248 4311 prevalebit:
1266 4222 1368 4309 digne
1383 4241 1459 4307 qno·

335 4349 399 4412 que
424 4327 635 4414 confidimns,
661 4336 708 4398 sic
734 4353 792 4402 vos
808 4331 852 4400 ad
867 4332 976 4400 Deum
992 4339 1026 4400 et
1041 4339 1179 4400 matrem
1194 4331 1381 4400 Ecclesiam
1398 4333 1460 4400 sin·
1550 4359 1551 4376 a

335 4455 411 4502 cera
435 4435 611 4504 devotione
627 4438 772 4524 fervere,
790 4447 823 4508 et
838 4441 873 4508 in
889 4439 1019 4509 Divinis
1035 4439 1257 4524 beneplacitis
1282 4439 1460 4516 radicatos,
1550 4457 1551 4536 ᾗ

334 4546 421 4628 quod
445 4565 510 4612 non
537 4547 642 4612 solum
667 4549 790 4633 Regem
804 4549 911 4634 ipsum
926 4551 961 4616 in
977 4549 1098 4618 talibus
1114 4569 1179 4616 non
1196 4548 1353 4617 foveretis
1369 4546 1462 4631 flagi·

334 4653 385 4736 iis,
403 4651 465 4720 sed
481 4653 553 4718 nelo
569 4651 645 4719 fidei
663 4660 696 4720 et
712 4655 841 4724 fervore
854 4656 1038 4726 Christiane
1055 4656 1224 4740 religionis
1241 4656 1386 4734 areensi,
1402 4675 1459 4744 po·

1550 4819 1551 4860 l

1550 4869 1551 4914 ι
