3116 5166
318 1149 353 1236 7)
370 1147 504 1237 Apdpo
521 1149 614 1217 hoelo
629 1149 882 1238 Moppororezdp
897 1149 928 1213 de
942 1147 1100 1214 ezomszc'd
1118 1147 1241 1213 uidebat
1256 1145 1448 1214 cumolos.

426 1363 585 1433 Nicolaos
602 1365 784 1450 lipiseepns
801 1383 917 1434 seruus
928 1383 1095 1432 seruorum
1110 1365 1184 1449 Dei,
1202 1361 1449 1431 venerabilibus

319 1472 477 1541 fratribus
502 1473 664 1541 universis
691 1472 959 1562 Arcbiepiseopis
985 1479 1018 1540 et
1042 1471 1236 1558 Episcopis,
1262 1491 1302 1538 ac
1318 1471 1449 1539 dilectis

320 1580 396 1650 filiis
412 1579 607 1666 Abbatibns,
623 1579 801 1668 Prioribus,
818 1580 973 1667 Decanis,
990 1580 1249 1664 Archidiaeonis,
1267 1580 1449 1665 Propositis

320 1696 354 1755 et
369 1687 445 1757 aliis
463 1687 685 1756 Ecclesiamm
696 1687 840 1755 Prelatis
857 1688 929 1756 sive
945 1689 1150 1775 Rectoribus,
1168 1706 1345 1772 earumque
1363 1689 1449 1756 Gon·
1549 1729 1550 1736 κ

320 1795 484 1879 ventibus,
502 1803 535 1862 et
551 1795 707 1882 Collegiis
723 1817 782 1882 per
796 1797 944 1880 Regnum
956 1795 1100 1882 Ungorle
1116 1815 1155 1863 ac
1170 1803 1283 1884 partes
1299 1795 1447 1882 Polonie,
1549 1775 1550 1806 ³

321 1903 504 1988 Dalmacie,
521 1903 667 1988 croceio,
683 1905 797 1989 Rame,
816 1904 940 1990 Seruis,
957 1903 1162 1988 Lodomerie,
1180 1904 1319 1972 Gallicis
1335 1908 1368 1971 et
1386 1899 1449 1968 On-

322 2015 432 2080 manie
447 2011 635 2080 constitutis
651 2014 792 2080 salutem
808 2019 841 2080 et
856 2013 1085 2100 Apostolicam
1110 2013 1384 2083 benedictionem.
1411 2009 1451 2075 In

321 2119 476 2187 eminenti
492 2119 588 2186 Sedis
605 2118 795 2204 Apostolice
811 2121 957 2206 specula,
977 2120 1175 2208 disponente
1195 2120 1346 2206 Domino,
1368 2138 1447 2186 con·
1550 2140 1551 2180 ÷

322 2228 429 2296 stituti
446 2227 557 2295 domni
571 2225 699 2313 lsrael,
714 2227 877 2296 universis
892 2229 1049 2298 videlicet
1065 2228 1283 2311 Christianis,
1298 2226 1356 2314 qui
1372 2225 1452 2295 fidei

322 2339 426 2408 oculis
443 2337 547 2404 Deum
562 2323 685 2422 vident,
714 2343 871 2421 quantum
887 2339 982 2406 nobis
998 2358 1039 2405 ex
1056 2341 1125 2407 alto
1142 2339 1343 2424 conceditur,
1354 2355 1451 2424 opor·
1533 2340 1541 2366 ⁸

322 2455 435 2515 tonum
459 2444 676 2532 speculatoris
703 2445 847 2516 officium
863 2447 1076 2532 impertimur,
1092 2453 1126 2516 et
1142 2468 1213 2514 cum
1229 2446 1415 2531 indulgetur
1430 2461 1451 2510 a

322 2541 446 2626 Divina
461 2553 648 2639 clementia,
663 2561 851 2622 reverenter
866 2555 911 2623 ad
927 2575 983 2625 cor
1009 2556 1113 2624 altum
1128 2557 1326 2642 accedimus,
1341 2559 1379 2621 nt
1394 2573 1450 2620 no·
1551 2570 1552 2618 r

322 2685 396 2733 men
422 2663 555 2731 Domini
579 2661 821 2731 sanctissimum
845 2668 914 2730 tam
939 2664 972 2730 in
997 2665 1133 2734 remotis
1159 2665 1272 2733 extolli
1289 2663 1452 2752 partibor,

323 2793 421 2860 quam
446 2772 479 2837 in
504 2772 622 2841 vicinis
649 2770 749 2840 etiam
774 2791 1003 2859 procuremus,
1021 2780 1228 2860 apponentes
1244 2792 1377 2841 manum
1392 2793 1451 2840 no·

323 2887 390 2949 stre
406 2879 638 2967 possibilitatis
649 2881 693 2948 ad
709 2899 852 2966 operam,
869 2901 968 2966 quam
984 2902 1157 2968 speramus
1174 2883 1209 2950 in
1226 2882 1369 2952 excelsis
1380 2881 1451 2951 sore

323 2988 514 3074 placidam,
540 2995 575 3056 et
591 2988 736 3058 interris
753 2989 902 3059 novimus
919 2998 1124 3077 oportunam.
1151 2993 1301 3061 Summos
1318 2988 1453 3076 quidem

323 3098 414 3168 orbis
430 3095 542 3183 opifex
554 3104 587 3165 et
601 3099 753 3166 universe
769 3098 918 3167 conditor
934 3107 1082 3169 creature
1103 3107 1293 3170 terrestrem
1308 3098 1452 3186 patriam

322 3207 487 3294 disposuit
502 3205 561 3271 snb
577 3205 719 3292 provida
744 3206 941 3276 discretione
956 3209 1163 3296 Regnorum,
1180 3227 1286 3294 eaque
1301 3207 1453 3275 consulte

324 3315 426 3384 voluit
441 3313 539 3400 dirigi
555 3322 588 3382 et
604 3315 729 3384 salubri
745 3315 904 3401 regimine
920 3316 1108 3404 gubernari,
1130 3339 1170 3386 ne
1187 3323 1373 3387 ereaturam
1390 3314 1452 3381 hu·

324 3442 453 3490 menam
478 3424 577 3510 paulo
592 3425 752 3491 minorem
777 3425 905 3511 angelis
914 3471 923 3509 ,
941 3445 1003 3508 que
1019 3425 1071 3494 soi
1087 3426 1246 3494 creatoris
1261 3424 1454 3514 ymaginem

324 3537 358 3599 et
373 3531 618 3600 similitudinem
644 3537 861 3617 representat,
887 3537 1111 3618 tempestuosa
1134 3531 1348 3602 fluctuatione
1372 3533 1455 3599 mix-

323 3645 422 3724 taqne
438 3639 687 3720 confunderent,
704 3646 737 3707 et
748 3658 807 3706 soe
834 3641 954 3724 qnietis
970 3641 1206 3710 beatitudinem
1231 3641 1454 3727 impedirent,

323 3749 499 3831 quinimmo
515 3756 550 3815 ot
568 3749 718 3816 omnibus
735 3749 796 3816 sub
813 3747 891 3816 iuris
908 3749 1138 3818 ethonestatis
1155 3751 1269 3836 regola
1288 3749 1454 3834 limitetis,

323 3856 444 3940 singoli
461 3855 531 3925 vita
545 3855 686 3944 pacifica
711 3859 860 3926 viverent
881 3865 914 3925 et
929 3857 972 3926 ab
988 3857 1123 3928 offensis
1139 3859 1331 3926 alterutrum
1349 3858 1455 3926 absti-

323 3971 457 4050 nerent,
477 3983 635 4052 suumque
652 3963 811 4036 faetorem
831 3965 953 4034 affecto
968 3969 1112 4034 naturali
1128 3972 1384 4053 cognoscerent,
1404 3985 1456 4032 cc-

323 4071 448 4156 gnitom
474 4073 621 4142 colerent
646 4079 679 4141 et
704 4081 892 4144 reverenter
916 4073 1038 4144 Divino
1063 4077 1203 4164 Imperio
1229 4075 1456 4144 subiacerent.

323 4179 463 4248 Domum
489 4201 569 4250 vero
593 4183 682 4251 idem
706 4191 802 4269 pater
827 4183 1011 4253 altissimus
1028 4187 1153 4253 exalto
1170 4185 1378 4273 prospiciens
1396 4203 1458 4270 po-

323 4289 452 4374 pulum,
479 4309 575 4372 quem
601 4301 787 4378 curaverat,
804 4291 1023 4380 prothoplasti
1048 4293 1169 4362 delicto
1200 4293 1458 4380 dampnationis

322 4400 518 4468 sententiam
546 4401 734 4490 incurrisse,
759 4423 852 4472 suum
879 4404 1031 4472 dilectum
1047 4405 1252 4491 unigenitum
1268 4401 1460 4471 misericor·

322 4506 408 4574 diter
432 4508 465 4575 in
491 4511 646 4579 mnndum
672 4533 732 4598 pro
759 4513 864 4600 ipsios
880 4515 1108 4600 redemptione
1126 4515 1241 4604 populi
1257 4513 1457 4599 destinavit,

321 4617 377 4701 qui
392 4635 523 4688 carnem
548 4628 662 4692 nostre
686 4622 898 4694 mortalitatis
914 4624 1058 4710 indutus,
1076 4625 1214 4695 eundem
1229 4627 1389 4713 populum
1410 4627 1457 4694 ab
