3142 5170
795 261 941 364 *ρο-4,

311 471 457 559 predicte
485 463 710 534 concedemus.
736 461 859 528 Datum
885 477 988 544 prope
1012 455 1152 524 Korrerr
1173 458 1274 522 torcio
1290 452 1345 520 die
1362 461 1441 540 post

310 579 431 647 festum
446 577 550 644 Beate
565 571 670 642 blarie
685 567 886 652 Magdalene
901 586 991 635 anno
1006 565 1139 633 Domini
1164 566 1214 632 lt⁰
1230 561 1298 634 00⁰
1323 569 1439 632 octua-

311 686 437 770 gcsimo
453 689 580 768 qundo.

574 887 630 962 (Aa
645 890 708 962 egri
719 887 864 960 kdptalan
879 885 990 943 raaski
1005 881 1181 954 educabat)

755 1193 1004 1204 --.---.-—-.——

840 1737 916 1804 ros.
993 1689 998 1700 ⁸

314 1957 458 2024 meeber
473 1955 623 2042 birdlycd
641 1953 723 2020 Tbce
738 1955 820 2019 acad
836 1950 947 2039 sulcet
970 1954 1079 2018 Ietodc
1098 1953 1442 2037 ferociorum-cael

700 2061 941 2148 adomdcyozza.
959 2061 1058 2127 1284.

423 2275 612 2362 Elysabeth
629 2275 692 2345 Dei
707 2275 822 2360 gracia
837 2271 967 2360 Regina
977 2275 1123 2361 Vngarie
1139 2275 1304 2344 uniuersis
1320 2275 1443 2342 christi

316 2383 467 2452 fidelibus
494 2403 633 2472 presens
659 2383 815 2468 scriplum
840 2381 1040 2468 inspecturis
1073 2383 1213 2451 salntem
1239 2384 1273 2448 in
1299 2383 1443 2449 Domino

316 2492 564 2579 sempiternam.
590 2489 754 2559 Fidelitas
780 2497 813 2557 et
837 2491 956 2558 merita
980 2491 1202 2577 subjectorum
1225 2489 1268 2556 ad
1285 2491 1441 2578 amplian-

315 2600 392 2669 dam
407 2601 569 2686 Regalem
585 2601 733 2688 graciam
748 2599 782 2665 in
798 2595 938 2668 subditis
964 2597 1202 2668 Gelsidutinem
1227 2598 1365 2684 Regiam
1382 2619 1442 2666 non

314 2711 473 2778 immerito
488 2708 657 2776 attrahunt
673 2712 707 2775 et
721 2707 872 2792 inuitant,
898 2715 934 2774 vt
949 2707 1012 2798 boc
1028 2707 1177 2793 exemplo
1192 2707 1309 2775 fideles
1325 2707 1370 2776 ad
1400 2711 1441 2776 in-

318 2816 480 2904 quirende
495 2817 612 2904 gracie
628 2813 843 2900 cupiditatem
858 2815 958 2883 multo
975 2814 1097 2883 leucius
1113 2813 1284 2884 accedant.
1306 2815 1442 2884 Proinde

315 2925 361 2993 ad
386 2925 612 2994 universorum
637 2921 794 2990 noticiam
822 2929 890 2990 tam
916 2922 1121 3009 presencium
1149 2941 1247 3006 quam
1263 2923 1441 2992 futurorum

317 3035 431 3100 harum
447 3035 534 3102 serie
550 3033 699 3101 volumus
716 3033 910 3119 persenir05
928 3033 1106 3116 quodcum
1123 3031 1311 3118 Stephanus
1328 3034 1441 3102 Ocnum

315 3141 565 3210 tawarnioorum
581 3147 767 3209 nostrorum
785 3139 890 3208 frater
900 3139 990 3228 Sydo
1007 3140 1116 3208 fidelis
1133 3146 1277 3209 nestora
1285 3144 1441 3226 primoris

315 3249 463 3336 puericie
489 3267 548 3316 suc
573 3247 777 3334 temporibus
795 3248 926 3316 domino
953 3247 1123 3332 Stephano
1139 3248 1307 3332 quondam
1323 3249 1442 3316 Illustn‘

316 3357 398 3442 Regi
426 3357 570 3443 Vngarie
595 3355 649 3441 pio
675 3355 935 3441 recordacionis,
951 3362 985 3422 et
1010 3355 1150 3422 Domino
1177 3355 1338 3424 Ladislao
1364 3359 1442 3441 Regi

316 3464 463 3534 consorti
478 3471 589 3534 nosbo
606 3463 812 3550 charissimo,
829 3465 943 3551 Regno
960 3470 993 3532 et
1009 3465 1136 3534 Corone
1152 3465 1256 3549 Regia
1282 3485 1325 3533 ae
1350 3466 1444 3532 uobis

317 3573 437 3641 eximie
464 3569 634 3640 fidelitatis
660 3591 781 3658 opera,
807 3571 976 3641 meritoria
1000 3572 1161 3656 obsequia
1186 3581 1219 3640 et
1234 3572 1444 3640 fidelissimos

317 3677 492 3747 famulatus
517 3675 710 3746 indicassis
726 3677 871 3746 articulis
887 3685 922 3746 et
936 3677 1083 3765 negociis
1099 3679 1206 3764 Regni
1215 3729 1225 3766 ,
1252 3680 1397 3747 maxime
1412 3688 1445 3748 et

316 3786 506 3873 specialiter
523 3783 744 3867 incendiato,
771 3805 868 3870 quem
895 3785 982 3854 idem
1000 3786 1150 3856 domiuus
1167 3791 1281 3856 noster
1297 3789 1371 3856 Rex
1386 3789 1446 3857 ba·

315 3893 386 3963 buit
402 3899 519 3964 eontra
533 3893 706 3980 perfidiam
722 3891 943 3963 Cumanorum
959 3895 1065 3983 ipsum
1086 3895 1232 3962 indebite
1246 3914 1445 3982 persequen-

317 4003 425 4090 cium,
452 4003 560 4070 cidem
585 4003 715 4072 domiuo
731 4009 846 4072 nostro
863 4003 965 4091 Regi,
984 4011 1082 4089 prout
1097 4005 1172 4074 aliis
1188 4005 1374 4074 Batonibus
1390 4025 1446 4072 no·

315 4112 391 4178 stris
407 4111 623 4180 referentibus
644 4111 888 4194 intelleximus,
905 4113 1070 4197 usquead
1097 4113 1228 4181 felicem
1253 4113 1446 4199 expedicio-

315 4239 389 4288 nem
406 4219 511 4288 tocius
527 4221 657 4307 negocii
672 4222 723 4290 sui
740 4225 931 4291 constanter
957 4219 1140 4308 assistens,
1157 4220 1391 4290 committendo
1406 4241 1448 4288 se

318 4328 453 4396 casibus
468 4327 609 4415 fortune,
624 4329 781 4418 periculis
796 4331 902 4400 variis
922 4350 1028 4400 rerum
1045 4337 1079 4398 et
1094 4349 1247 4420 persone,
1264 4351 1324 4417 pro
1341 4329 1450 4398 fideli-

318 4436 398 4505 tatis
414 4432 534 4505 ardore
552 4437 777 4526 impendisset,
793 4439 881 4508 sicut
896 4437 1107 4508 laudabiliter
1119 4445 1152 4509 et
1166 4437 1308 4508 fideliter
1323 4439 1372 4507 sio
1387 4437 1448 4506 de-

318 4551 403 4616 vote.
416 4543 488 4616 Nos
504 4565 564 4631 pro
589 4547 775 4635 hujusmodi
800 4555 835 4618 et
849 4549 926 4618 aliis
942 4549 1122 4620 virtutibus
1138 4547 1289 4635 ejusdem
1306 4545 1448 4618 Comitis
