3142 5170
801 398 960 507 .-m

320 594 399 678 suis,
415 612 474 678 pro
490 593 682 661 redimenda
706 593 880 679 presertim
903 590 1052 661 ulteriori
1068 590 1251 658 vexacione
1268 611 1341 676 sua,
1358 591 1447 676 quin-

319 699 425 767 decim
441 719 565 786 pensas
582 699 790 769 denariorum
806 697 1039 767 Viennensium
1061 697 1142 765 dure
1158 704 1192 765 et
1207 697 1382 766 refundere
1398 699 1446 765 ei·

319 807 395 874 dem
412 809 516 878 Zolou
533 806 696 895 (debeat),
715 826 848 874 suarum
873 807 1006 874 nomine
1027 825 1257 892 expensarum,
1274 826 1373 891 qnam
1390 825 1443 892 pe-

319 915 450 984 cuniam
465 917 553 984 idem
568 917 670 984 Zolou
686 915 857 986 confessos
874 923 924 982 est
952 935 1063 984 coram
1079 915 1176 983 nobis
1192 916 1234 983 ab
1251 913 1369 982 eodem
1385 914 1446 982 ele·
1550 990 1551 1020 ¹

320 1024 390 1092 rico
415 1044 452 1092 se
475 1023 625 1112 plenarie
649 1024 835 1108 recepisse,
863 1023 925 1090 tali
942 1023 1136 1092 condicione
1152 1023 1345 1108 interiecta,
1360 1021 1447 1106 quod
1550 1037 1551 1096 l

320 1131 504 1216 quicunque
521 1150 679 1217 processu
703 1133 857 1216 temporis
883 1131 1066 1217 predictum
1081 1133 1255 1214 clericum,
1272 1129 1328 1197 uel
1344 1129 1388 1198 ab
1403 1147 1441 1195 eo

320 1236 562 1306 descendentes
587 1237 751 1305 consimili
779 1238 950 1320 questione
975 1239 1008 1304 in
1030 1238 1158 1324 judicio
1173 1239 1227 1305 uel
1244 1243 1341 1305 extra
1352 1235 1443 1320 jodi-

319 1344 405 1412 oium
421 1345 632 1429 temptauerit
647 1344 854 1432 propulsare,
870 1351 1067 1412 memoratus
1078 1345 1183 1411 Zolou
1198 1345 1305 1413 eidem
1323 1344 1440 1409 elerico

319 1453 375 1518 uel
390 1453 433 1518 ab
450 1471 489 1518 eo
506 1451 784 1520 descendentibus
800 1451 834 1518 in
850 1453 994 1537 ipsorum
1006 1453 1212 1520 defensionis
1228 1450 1389 1518 auxilium
1400 1461 1444 1516 te-

321 1566 454 1626 neretur
469 1559 627 1628 assistere
644 1567 676 1628 et
692 1567 807 1628 astare
822 1567 989 1644 tamquam
1007 1560 1137 1629 adiutor
1153 1567 1186 1626 et
1201 1559 1358 1626 defensor
1374 1580 1443 1644 pro·
1552 1639 1553 1656 χ

319 1666 402 1752 prijs
426 1666 597 1736 laboribus
622 1677 655 1736 et
681 1667 857 1754 expensis,
884 1669 914 1734 si
939 1688 1018 1765 uero
1047 1667 1167 1751 aliquis
1183 1667 1225 1734 de
1242 1666 1446 1750 cognacione

319 1774 481 1859 sepedicti
497 1775 598 1842 Zolou
614 1776 754 1868 eundem
770 1775 943 1860 clericum,
958 1757 1023 1844 'bel
1049 1754 1120 1844 eit's
1137 1783 1290 1860 posteros
1305 1774 1374 1841 ullo
1390 1793 1444 1837 nn-

319 1901 417 1964 quam
434 1890 581 1970 tempore
597 1887 735 1950 traxerit
749 1884 783 1948 in
795 1884 941 1968 predicte
958 1883 1102 1950 reoidiue
1117 1884 1305 1968 scrupulum
1324 1881 1446 1966 questi-

319 1992 400 2072 onis,
429 1997 548 2058 extuno
565 1990 653 2057 idem
677 1991 779 2057 Zolou
805 1991 1007 2077 sepedictum
1033 1994 1187 2060 clericum
1203 1992 1256 2057 uel
1274 1991 1318 2056 ab
1335 2009 1376 2054 eo
1393 1989 1444 2054 de

318 2096 517 2166 seendentes
545 2105 712 2165 teneretur
737 2099 854 2167 mediis
871 2100 1021 2189 omnibus
1050 2099 1273 2186 expedirem
1293 2101 1385 2165 cuius
1400 2097 1443 2161 rei

319 2203 539 2271 testimonium
558 2214 590 2272 et
606 2213 801 2292 perpetuam
826 2207 1014 2274 firmitatem
1039 2213 1210 2292 presentes
1226 2211 1358 2272 nostras
1375 2221 1443 2272 con-

319 2312 479 2380 cessimus
495 2313 624 2381 litteras
640 2313 742 2398 sigilli
758 2315 863 2382 nostri
879 2314 1057 2381 munimine
1073 2315 1258 2396 roboratas,
1279 2331 1368 2378 anno
1384 2311 1444 2376 Do-

319 2419 400 2487 mini
414 2421 466 2489 Μο
483 2419 554 2488 00⁰
578 2424 783 2508 octogesimo
810 2419 899 2510 (lgy)
926 2429 1044 2508 quarto
1064 2423 1098 2487 in
1115 2421 1201 2487 sesto
1219 2419 1324 2486 Beate
1344 2419 1444 2484 llario

321 2529 528 2613 Magdalene.

318 2721 487 2794 (biegviselt
507 2719 633 2792 hdrtytn
644 2718 716 2780 irua
738 2721 876 2780 Neheaen
890 2720 1053 2779 olvasbato.
1066 2721 1094 2775 A
1106 2719 1173 2792 meg
1184 2717 1221 2791 ep
1235 2718 1340 2791 pessel
1353 2735 1442 2783 rores,

318 2811 406 2883 sdrga
418 2811 450 2868 ds
463 2811 647 2884 ibolyasuinll
659 2814 788 2886 selymen
799 2811 891 2885 liigg;
904 2839 940 2854 -·-
951 2809 1240 2882 Pocsonykdptaluni
1254 2807 1392 2878 orostgos
1405 2807 1443 2860 le·

546 2899 643 2958 re'ltdr
655 2901 751 2974 Capsa
763 2903 841 2959 XIV.
855 2901 941 2958 Fuso.
953 2903 979 2957 9.
992 2899 1041 2956 Nr.
1055 2901 1082 2954 4.
1104 2899 1222 2966 lisooz.)
