3156 5158
336 1067 511 1135 Tleodorit
526 1079 636 1135 nucster·
646 1069 715 1155 lucy
727 1065 834 1153 fb'ldct
850 1079 1002 1133 momatur
1016 1067 1287 1155 saabadsdqoklcnl
1311 1071 1349 1155 uj
1362 1089 1456 1154 pyus·-

660 1177 760 1242 omne
776 1177 1021 1263 udonudayozzu.
1038 1178 1137 1242 1273.

440 1375 510 1444 Nos
525 1373 686 1460 Magister
700 1373 924 1443 Theodoriana
935 1372 1154 1458 significamus
1164 1375 1323 1456 omnibus,
1336 1374 1455 1458 quibus

333 1483 464 1572 expedit
480 1504 538 1571 per
554 1483 739 1570 presentes,
756 1484 842 1568 quod
859 1483 901 1551 dc
918 1501 1077 1550 consensu
1094 1492 1204 1550 nostre
1230 1485 1392 1552 consortis
1420 1491 1454 1549 et

333 1592 469 1661 liliorum
494 1601 690 1676 nostrornm,
717 1603 838 1661 terram
854 1603 999 1662 nostram
1019 1593 1097 1680 Koy-
1110 1599 1273 1680 uocatam,
1290 1592 1454 1660 eoncessi-

333 1723 404 1770 mns
429 1701 634 1788 hospitibus,
664 1723 767 1770 eausa
782 1701 1004 1770 commorandi
1021 1701 1248 1786 venientibus,
1265 1703 1325 1768 tali
1340 1709 1455 1770 tenore

332 1811 517 1877 libertatem
533 1811 657 1880 eisdem
668 1809 849 1879 ordinando
863 1811 974 1890 :Quod
984 1811 1222 1895 quinquaginta
1232 1810 1348 1895 iugera
1366 1820 1452 1878 terre

333 1919 470 1986 arabilis
486 1919 528 1984 ad
553 1919 733 2003 quamlibet
757 1920 960 1987 mansionem
985 1918 1224 2004 condonando,
1249 1927 1284 1984 et
1307 1927 1448 2006 pratum,

331 2027 524 2111 sylvamque
537 2025 660 2092 eisdem
678 2023 908 2110 sufficientem,
926 2035 958 2094 et
974 2027 1112 2094 rinnlum
1130 2027 1280 2111 eundem,
1306 2027 1455 2111 exceptis

333 2134 462 2202 duabus
478 2135 636 2222 piscinis,
663 2135 792 2220 possint
816 2136 919 2204 libers
944 2133 1074 2222 piscari.
1096 2136 1178 2203 Item
1196 2136 1229 2200 in
1246 2135 1454 2203 reuolneionc

331 2245 439 2328 quarti
454 2245 532 2310 anni
548 2263 569 2309 a
584 2244 637 2312 die
663 2245 714 2311 sui
740 2245 904 2311 aduentus
921 2244 954 2310 in
970 2244 1055 2311 sesto
1066 2245 1179 2312 Sancti
1190 2243 1361 2310 Michaelis
1377 2261 1455 2324 que-

331 2353 411 2418 libet
426 2355 553 2420 mausio
568 2373 627 2438 pro
652 2353 797 2437 terragio
821 2351 989 2426 dimidium
1015 2353 1170 2420 fertonem
1200 2353 1370 2416 annuatim
1391 2351 1457 2417 sol·
1571 2433 1572 2438 ἵ

330 2481 406 2528 uere
431 2467 588 2528 teneatur.
615 2463 694 2530 ltem
720 2461 762 2526 ab
790 2463 907 2529 eodem
932 2468 1080 2546 tempore
1108 2460 1276 2528 aurruatim
1306 2459 1456 2542 quelibet
1571 2449 1572 2536 l

329 2571 456 2637 mansio
467 2570 623 2639 denarios
649 2569 867 2638 exercituales
891 2591 988 2637 ιιιιιιιι
1015 2569 1141 2655 pondus
1166 2571 1199 2636 in
1226 2569 1312 2637 festo
1338 2568 1455 2637 Sancti
1571 2593 1572 2652 ι

330 2678 464 2764 Georgii
481 2679 612 2745 soluere
629 2685 788 2745 teneatur.
804 2681 882 2746 ltem
898 2680 931 2748 in
956 2679 1138 2746 Nativitutc
1154 2678 1286 2744 Domini
1302 2677 1451 2762 hospites

330 2788 474 2854 eiusdem
494 2787 571 2854 uille
586 2787 763 2870 portabunt
786 2807 845 2874 pro
867 2788 1056 2856 muneribus
1081 2807 1176 2853 vnum
1207 2784 1365 2872 pecudem
1396 2805 1458 2870 pa·

330 2895 473 2961 soualem
483 2896 648 2964 valentem
658 2916 754 2962 vuum
764 2896 931 2980 temonem,
943 2903 977 2962 et
988 2894 1177 2963 cereuisiam
1187 2915 1259 2962 cum
1283 2913 1361 2962 rese
1377 2912 1457 2960 con·

330 3005 530 3072 tinentelres
541 3002 877 3094 tinas,duospanes,et
887 3027 982 3072 ruam
993 3005 1148 3090 gallinam
1158 3002 1198 3069 de
1209 3002 1355 3086 qnalibet
1364 3021 1458 3068 man-

330 3114 432 3180 sione.
443 3113 525 3178 Item
541 3111 581 3178 de
592 3113 1042 3180 insladecimaeorumuoum
1054 3113 1192 3197 pondu,
1203 3112 1455 3196 quelibetman-
1571 3105 1572 3108 ’

329 3220 378 3290 sio
389 3221 556 3286 annuatim
566 3221 661 3288 nobis
674 3223 803 3289 soluere
814 3223 1096 3293 debeat.Oeterum
1106 3221 1308 3288 Herbordum
1320 3239 1380 3306 pro
1394 3217 1457 3283 nil-

329 3328 392 3395 lico
407 3327 561 3412 habeant,
594 3330 748 3412 quamdiu
773 3329 869 3397 luerit
892 3330 1012 3398 ibidem
1038 3335 1276 3406 conuersatns,
1301 3337 1335 3396 et
1359 3347 1455 3394 suam

329 3436 451 3503 curiam
476 3435 548 3502 siue
568 3436 678 3506 debito
694 3437 798 3506 libere
813 3438 1003 3524 possidebit.
1022 3439 1095 3506 Post
1112 3439 1285 3505 decessum
1299 3457 1380 3506 roro
1395 3437 1458 3504 vel

325 3563 491 3610 recessum
523 3544 596 3611 loco
624 3546 695 3612 eins
711 3547 822 3627 alium,
850 3567 945 3632 quem
962 3549 1129 3614 voluerint
1146 3567 1187 3614 ex
1201 3547 1293 3632 ipsis,
1309 3544 1459 3613 debeant

328 3653 490 3736 ordinare,
506 3653 656 3737 bonaque
672 3654 777 3740 ipsius
792 3657 899 3740 possit
915 3657 1178 3725 vendereeudem
1195 3656 1356 3722 libertate.
1368 3654 1458 3720 Item

328 3780 439 3828 omnes
456 3781 573 3828 causas
590 3761 711 3829 ibidem
738 3771 870 3831 exortas
899 3784 1009 3832 eorum
1044 3766 1174 3831 villicus
1198 3763 1376 3845 indicabit,
1394 3782 1458 3828 ex-

327 3876 422 3955 cepta
433 3889 537 3938 causa
547 3869 635 3955 furti,
646 3871 826 3958 homicidii,
837 3879 871 3939 et
883 3873 1052 3951 violencie,
1069 3893 1166 3956 quam
1184 3891 1255 3938 cnm
1272 3871 1459 3939 uostrobo-

326 3979 414 4043 mine
430 3978 606 4064 indicabit,
624 3980 771 4066 duasque
797 3988 910 4068 partes
922 3983 1041 4069 judicij
1068 3983 1162 4050 nobis
1179 3982 1362 4067 exigendo,
1388 3988 1463 4046 ter-

328 4086 411 4153 ciam
427 4103 505 4153 vero
531 4087 643 4153 villico
653 4087 873 4173 relinquendo.
884 4091 965 4156 Item
977 4091 1004 4156 si
1014 4089 1176 4158 voluerint
1197 4089 1368 4156 ecclesiam
1385 4087 1462 4156 edi-

327 4192 435 4278 ficare,
452 4193 589 4260 liberam
606 4195 751 4263 babeant
765 4198 969 4285 facultatem,
987 4207 1020 4266 et
1039 4197 1261 4281 sacerdotem,
1284 4217 1381 4282 quem
1398 4218 1461 4265 as-

327 4321 458 4369 sumere
474 4303 652 4389 roluerint,
668 4311 850 4374 teneantur.
865 4308 937 4373 Nec
963 4308 1024 4374 boc
1059 4306 1342 4394 pretermittimus,
1362 4309 1464 4390 quod
1565 4351 1568 4355 -

327 4409 508 4497 quicunqne
524 4411 665 4480 voluerit
681 4414 782 4500 abire,
794 4410 865 4504 (ob)
879 4416 1133 4500 tentalicencia,
1151 4415 1252 4482 saluis
1268 4415 1364 4482 rebus
1381 4417 1464 4485 suis

328 4523 435 4608 possit
450 4521 607 4589 recedere
624 4523 714 4588 olore
730 4524 815 4590 lnce.
837 4525 916 4591 Item
934 4529 1120 4612 quicunque
1137 4524 1380 4591 sineberednm
1398 4544 1463 4594 so-

325 4631 412 4698 lacio
429 4629 617 4714 decesserit,
636 4630 722 4697 bona
738 4633 842 4718 ipsius
858 4633 1040 4718 cuicunque
1056 4633 1214 4716 voluerit,
1240 4633 1462 4716 relinquendi
