3142 5170
854 285 919 356 296

325 506 448 574 ponere
463 487 600 555 verbum
616 485 731 568 erucis,
749 492 782 553 et
797 485 841 552 ud
865 484 958 552 illem
983 483 1215 552 assumendum
1231 481 1452 551 christinam

325 595 480 682 populum
507 595 683 661 exhortari.
712 594 783 662 Nus
808 593 896 661 euim
915 592 1070 660 omuibus
1088 611 1166 658 vere
1181 590 1408 676 penitentibus
1423 596 1453 657 et

325 700 486 770 confessis
498 751 507 786 ,
533 700 590 786 qui
616 700 723 769 erucis
751 701 956 787 signaculum
972 707 1089 770 contro
1102 699 1251 770 infideles
1267 715 1452 783 sssumpse-

324 808 390 876 rint
405 817 621 893 memorutos,
638 807 729 875 illem
747 809 951 879 concedendi
967 807 1211 891 indulgentium
1227 805 1287 874 tibi
1303 805 1453 874 coneedi-

324 937 396 985 mus
412 924 629 1004 potestatem,
646 937 707 1002 que
723 920 759 984 iu
775 924 861 986 terre
877 917 1000 984 Sancte
1017 915 1203 984 subsidium
1221 911 1452 1000 proficiscenti·

324 1025 387 1092 bus
397 1026 576 1094 concedere
588 1025 696 1094 Sedes
711 1025 905 1111 Apostolice
918 1023 1099 1092 consuerit.
1112 1025 1235 1090 Datum
1244 1023 1348 1088 Rome
1365 1020 1452 1107 opud

325 1131 482 1200 Sanctam
500 1130 658 1200 Sabinum
683 1131 760 1198 1111.
776 1129 855 1200 Idus
872 1132 993 1216 Martii,
1012 1128 1229 1199 Pontificatus
1244 1129 1350 1198 nostri
1366 1147 1451 1196 enno

324 1238 476 1308 secundo.
1138 1259 1141 1267 ⁴

324 1431 387 1506 (ΠΙ.
408 1433 555 1490 Honorius
578 1430 657 1506 pdpu
679 1431 887 1506 Regestdibdl,
909 1431 1037 1490 Thciner
1057 1431 1243 1489 Monumentu
1264 1430 1338 1486 Hist.
1354 1429 1452 1504 Hung.
1560 1457 1561 1514 p

732 1521 815 1579 Sucr.
828 1523 848 1579 1.
864 1523 926 1582 ket.
938 1522 1001 1579 354.
1013 1521 1046 1596 1.)

850 2233 927 2301 180.

320 2435 385 2500 111.
411 2435 571 2500 Honorius
592 2436 683 2519 pdpu
698 2453 720 2495 u
737 2431 841 2496 roman·
856 2433 888 2496 dc
904 2454 925 2496 a
941 2431 1009 2498 cred
1025 2431 1238 2520 kirdlyokrrolr
1253 2433 1451 2521 propleuma,

453 2541 534 2628 lopy
550 2563 589 2606 ae
604 2539 787 2626 ermrpumo‘
802 2539 918 2606 &sehet
936 2539 1029 2607 edbert
1043 2542 1186 2626 septtsdk.
1221 2542 1324 2610 1288.
1562 2588 1563 2630 p

432 2735 598 2809 Honorius
613 2737 801 2824 Episcopus
826 2755 942 2806 seruus
965 2753 1133 2804 seruorum
1150 2737 1214 2805 Dei
1231 2738 1403 2806 uerissime
1418 2741 1452 2805 in

321 2847 454 2916 Christo
480 2847 574 2914 filio.
595 2893 599 2904 .
621 2845 728 2932 .Regi
753 2845 975 2914 Romanorum
1001 2845 1126 2912 Illustri
1150 2847 1288 2914 sulutem
1313 2854 1346 2912 et
1360 2848 1451 2932 Apo-
1478 2832 1484 2842 ’

320 2955 455 3022 stolium
471 2951 747 3021 benedictionem.
758 2954 794 3022 si
805 2973 926 3038 sparsa
944 2957 1072 3022 semino
1090 2964 1152 3023 cto.
1170 2962 1207 3022 nt
1223 2974 1323 3041 supra
1338 2953 1451 3022 verbis

321 3067 542 3150 competenter
567 3061 700 3128 mutetis
726 3081 831 3146 usque
857 3063 1004 3130 reducat
1030 3059 1076 3129 Ut
1101 3062 1202 3149 igitur
1228 3064 1315 3132 idem
1331 3063 1449 3131 Archi-

320 3169 493 3254 episeopus
518 3172 675 3251 tanquam
692 3165 812 3236 Christi
839 3171 1009 3256 operarius
1024 3172 1138 3238 utilius
1154 3170 1309 3258 prolicere
1325 3172 1449 3255 ruleut,

320 3273 554 3343 celsitudinem
577 3275 715 3360 Regiam
742 3296 897 3362 rogemus
923 3285 957 3346 et
981 3278 1163 3365 hortemur,
1179 3299 1219 3348 ec
1235 3279 1269 3348 in
1285 3279 1450 3349 remissiu-

319 3401 394 3448 nem
411 3381 471 3448 tibi
486 3381 712 3467 peccaminum
730 3383 949 3470 iniungenter,
977 3393 1139 3469 queminus
1155 3389 1343 3468 attendens,
1359 3385 1451 3471 quod

318 3510 378 3577 per
393 3491 457 3558 hoo
472 3498 589 3576 posset
600 3488 770 3560 Oetholioe
786 3493 864 3561 fidei
880 3494 1043 3582 deperire,
1060 3501 1176 3564 contre
1186 3495 1358 3572 Turturos,
1372 3497 1450 3564 Sur·

318 3617 477 3680 reoeuos,
503 3599 708 3682 liudgenus,
735 3601 913 3686 Pogonus,
930 3610 964 3669 et
980 3603 1066 3672 elios
1081 3603 1250 3687 predictos
1267 3603 1375 3672 eidem
1390 3605 1450 3671 Ar·

318 3705 532 3792 chlepiseopo
548 3704 594 3772 ud
609 3707 854 3791 requisitionem
872 3729 967 3778 suom
983 3710 1033 3778 sie
1048 3709 1275 3780 favorabiliter
1290 3713 1450 3782 asistere

318 3815 472 3900 studeas,
500 3813 589 3898 quod
615 3813 800 3883 huiusmodi
824 3816 987 3903 repressis
1014 3819 1179 3888 erroribus
1204 3819 1264 3886 tibi
1291 3820 1388 3890 cedat
1403 3817 1449 3888 erl

317 3921 424 3988 leudis
449 3923 563 3989 titulus
589 3927 622 3988 et
637 3923 787 3992 salutem.
814 3925 935 3992 Delum
953 3927 1054 3994 Rome
1071 3926 1161 4014 apud
1176 3925 1334 3996 Sanctum
1349 3925 1445 3996 Sebi-

316 4049 392 4096 nem
409 4029 483 4096 llll.
500 4029 577 4096 Idus
594 4029 704 4098 Martii
720 4026 948 4118 (Pontificatus
959 4029 1079 4122 nostri)
1094 4053 1181 4102 enno
1197 4035 1351 4104 secundo.

423 4137 462 4204 lu
487 4157 515 4204 e.
542 4156 582 4200 m.
609 4137 781 4208 carissimo
807 4139 841 4206 in
866 4142 998 4210 christo
1023 4141 1090 4210 lilio
1106 4190 1114 4210 .
1133 4191 1168 4212 ..
1194 4144 1278 4230 Regi
1305 4143 1439 4211 Boemie

316 4243 460 4330 Illustri,
484 4249 519 4311 et
542 4243 664 4314 dilecto
689 4243 757 4316 filio
783 4248 884 4318 nobili
913 4250 984 4320 viro
1001 4299 1010 4318 .
1028 4300 1035 4314 .
1055 4249 1166 4320 .Duei
1181 4252 1312 4320 Austrie
1328 4251 1442 4320 verbis

316 4357 538 4439 competenter
553 4354 699 4424 mutetis.

378 4491 442 4565 (lv.
453 4493 598 4552 Honorius
610 4491 690 4568 pdpu
702 4496 901 4571 Regestdibdl
916 4499 1046 4558 'l'lueiuer
1058 4501 1097 4562 id.
1111 4520 1148 4560 m.
1161 4503 1183 4562 1.
1198 4501 1257 4560 kur.
1270 4501 1330 4560 866.
1341 4501 1377 4575 t)
