<?xml version="1.0" encoding="UTF-8"?>
<!DOCTYPE html PUBLIC "-//W3C//DTD XHTML 1.0 Transitional//EN"
    "http://www.w3.org/TR/xhtml1/DTD/xhtml1-transitional.dtd">
<html xmlns="http://www.w3.org/1999/xhtml" xml:lang="en" lang="en">
 <head>
  <title>
</title>
<meta http-equiv="Content-Type" content="text/html;charset=utf-8" />
  <meta name='ocr-system' content='tesseract 3.04.00' />
  <meta name='ocr-capabilities' content='ocr_page ocr_carea ocr_par ocr_line ocrx_word'/>
</head>
<body>
  <div class='ocr_page' id='page_1' title='image "./codexdiplomatic08wenzgoog_0315.png"; bbox 0 0 3142 5170; ppageno 0'>
   <div class='ocr_carea' id='block_1_1' title="bbox 679 1005 750 1076">
    <p class='ocr_par' dir='ltr' id='par_1_1' title="bbox 679 1005 750 1076">
     <span class='ocr_line' id='line_1_1' title="bbox 679 1005 750 1076; baseline 0.014 -1"><span class='ocrx_word' id='word_1_1' title='bbox 679 1005 750 1076; x_wconf 80' lang='grc'>181.</span> 
     </span>
    </p>
   </div>
   <div class='ocr_carea' id='block_1_2' title="bbox 149 1221 1276 1421">
    <p class='ocr_par' dir='ltr' id='par_1_2' title="bbox 149 1221 1276 1421">
     <span class='ocr_line' id='line_1_2' title="bbox 149 1221 1276 1312; baseline 0.005 -23"><span class='ocrx_word' id='word_1_2' title='bbox 149 1221 285 1310; x_wconf 69' lang='lat' dir='ltr'><strong>Japyzot</strong></span> <span class='ocrx_word' id='word_1_3' title='bbox 300 1221 435 1310; x_wconf 79' lang='lat' dir='ltr'><strong>olcmcioy</strong></span> <span class='ocrx_word' id='word_1_4' title='bbox 451 1243 532 1290; x_wconf 76' lang='lat' dir='ltr'><strong>acon</strong></span> <span class='ocrx_word' id='word_1_5' title='bbox 545 1222 752 1312; x_wconf 70' lang='lat' dir='ltr'><strong>bumsdprdl</strong></span> <span class='ocrx_word' id='word_1_6' title='bbox 759 1272 768 1309; x_wconf 88' lang='lat'>‚</span> <span class='ocrx_word' id='word_1_7' title='bbox 784 1221 877 1312; x_wconf 76' lang='lat' dir='ltr'><strong>mally</strong></span> <span class='ocrx_word' id='word_1_8' title='bbox 891 1223 1001 1293; x_wconf 79' lang='lat' dir='ltr'><strong>Eadre</strong></span> <span class='ocrx_word' id='word_1_9' title='bbox 1015 1223 1195 1294; x_wconf 77' lang='lat' dir='ltr'><strong>sclavonici</strong></span> <span class='ocrx_word' id='word_1_10' title='bbox 1208 1227 1276 1294; x_wconf 73' lang='lat' dir='ltr'><strong>bete</strong></span> 
     </span>
     <span class='ocr_line' id='line_1_3' title="bbox 150 1326 1274 1421; baseline 0.005 -25"><span class='ocrx_word' id='word_1_11' title='bbox 150 1349 221 1417; x_wconf 76' lang='lat' dir='ltr'><strong>casp</strong></span> <span class='ocrx_word' id='word_1_12' title='bbox 235 1331 267 1396; x_wconf 70' lang='lat' dir='ltr'><strong>te</strong></span> <span class='ocrx_word' id='word_1_13' title='bbox 283 1329 397 1415; x_wconf 63' lang='lat' dir='ltr'><strong>Kleros,</strong></span> <span class='ocrx_word' id='word_1_14' title='bbox 413 1326 523 1398; x_wconf 74' lang='lat' dir='ltr'><strong>Attae</strong></span> <span class='ocrx_word' id='word_1_15' title='bbox 537 1333 642 1420; x_wconf 76' lang='lat' dir='ltr'><strong>pdrczt&#39;</strong></span> <span class='ocrx_word' id='word_1_16' title='bbox 655 1328 734 1421; x_wconf 71' lang='lat' dir='ltr'><strong>pods</strong></span> <span class='ocrx_word' id='word_1_17' title='bbox 745 1330 858 1419; x_wconf 77' lang='lat' dir='ltr'><strong>lodoyco</strong></span> <span class='ocrx_word' id='word_1_18' title='bbox 872 1331 944 1400; x_wconf 73' lang='lat' dir='ltr'><strong>coac</strong></span> <span class='ocrx_word' id='word_1_19' title='bbox 960 1340 1151 1403; x_wconf 60' lang='lat' dir='ltr'><strong>tot-om.</strong></span> <span class='ocrx_word' id='word_1_20' title='bbox 1172 1335 1274 1404; x_wconf 77' lang='lat'><strong><em>1286.</em></strong></span> 
     </span>
    </p>
   </div>
   <div class='ocr_carea' id='block_1_3' title="bbox 148 1543 1273 1961">
    <p class='ocr_par' dir='ltr' id='par_1_3' title="bbox 148 1543 1273 1961">
     <span class='ocr_line' id='line_1_4' title="bbox 258 1543 1273 1622; baseline 0.01 -10"><span class='ocrx_word' id='word_1_21' title='bbox 258 1545 296 1613; x_wconf 93' lang='lat' dir='ltr'><strong>In</strong></span> <span class='ocrx_word' id='word_1_22' title='bbox 322 1543 454 1616; x_wconf 90' lang='lat' dir='ltr'><strong>nomine</strong></span> <span class='ocrx_word' id='word_1_23' title='bbox 478 1547 600 1618; x_wconf 80' lang='lat' dir='ltr'><strong>christi</strong></span> <span class='ocrx_word' id='word_1_24' title='bbox 624 1550 739 1618; x_wconf 87' lang='lat' dir='ltr'><strong>Amen.</strong></span> <span class='ocrx_word' id='word_1_25' title='bbox 764 1548 858 1616; x_wconf 80' lang='lat' dir='ltr'><strong>Anno</strong></span> <span class='ocrx_word' id='word_1_26' title='bbox 882 1546 1074 1622; x_wconf 73' lang='lat' dir='ltr'><strong>Natiuitatis</strong></span> <span class='ocrx_word' id='word_1_27' title='bbox 1099 1551 1273 1622; x_wconf 86' lang='lat' dir='ltr'><strong>millesimo</strong></span> 
     </span>
     <span class='ocr_line' id='line_1_5' title="bbox 150 1647 1273 1746; baseline 0.009 -26"><span class='ocrx_word' id='word_1_28' title='bbox 150 1651 373 1724; x_wconf 86' lang='lat' dir='ltr'><strong>ducentesimo</strong></span> <span class='ocrx_word' id='word_1_29' title='bbox 390 1647 613 1743; x_wconf 80' lang='lat' dir='ltr'><strong>octuagesimo</strong></span> <span class='ocrx_word' id='word_1_30' title='bbox 630 1661 735 1744; x_wconf 85' lang='lat' dir='ltr'><strong>sexto,</strong></span> <span class='ocrx_word' id='word_1_31' title='bbox 745 1655 932 1726; x_wconf 73' lang='lat' dir='ltr'><strong>indictione</strong></span> <span class='ocrx_word' id='word_1_32' title='bbox 948 1664 1068 1744; x_wconf 80' lang='lat' dir='ltr'><strong>quarta</strong></span> <span class='ocrx_word' id='word_1_33' title='bbox 1083 1661 1223 1746; x_wconf 83' lang='lat' dir='ltr'><strong>decimu,</strong></span> <span class='ocrx_word' id='word_1_34' title='bbox 1238 1661 1273 1730; x_wconf 89' lang='lat' dir='ltr'><strong>iu</strong></span> 
     </span>
     <span class='ocr_line' id='line_1_6' title="bbox 149 1761 1272 1857; baseline 0.011 -28"><span class='ocrx_word' id='word_1_35' title='bbox 149 1761 302 1832; x_wconf 72' lang='lat' dir='ltr'><strong>Ecclesia</strong></span> <span class='ocrx_word' id='word_1_36' title='bbox 317 1764 434 1833; x_wconf 87' lang='lat' dir='ltr'><strong>Suuoti</strong></span> <span class='ocrx_word' id='word_1_37' title='bbox 445 1765 607 1835; x_wconf 84' lang='lat' dir='ltr'><strong>Johannis</strong></span> <span class='ocrx_word' id='word_1_38' title='bbox 624 1766 667 1835; x_wconf 91' lang='lat' dir='ltr'><strong>de</strong></span> <span class='ocrx_word' id='word_1_39' title='bbox 681 1764 801 1856; x_wconf 76' lang='lat' dir='ltr'><strong>Dryno</strong></span> <span class='ocrx_word' id='word_1_40' title='bbox 816 1765 870 1834; x_wconf 93' lang='lat' dir='ltr'><strong>die</strong></span> <span class='ocrx_word' id='word_1_41' title='bbox 887 1773 982 1834; x_wconf 85' lang='lat' dir='ltr'><strong>sexto</strong></span> <span class='ocrx_word' id='word_1_42' title='bbox 997 1769 1272 1857; x_wconf 84' lang='lat' dir='ltr'><strong>intranteJuuio;</strong></span> 
     </span>
     <span class='ocr_line' id='line_1_7' title="bbox 148 1872 1273 1961; baseline 0.007 -21"><span class='ocrx_word' id='word_1_43' title='bbox 148 1872 358 1958; x_wconf 72' lang='lat' dir='ltr'><strong>presentibus</strong></span> <span class='ocrx_word' id='word_1_44' title='bbox 374 1873 512 1942; x_wconf 88' lang='lat' dir='ltr'><strong>dominis</strong></span> <span class='ocrx_word' id='word_1_45' title='bbox 528 1873 672 1942; x_wconf 84' lang='lat' dir='ltr'><strong>Wolrico</strong></span> <span class='ocrx_word' id='word_1_46' title='bbox 689 1874 730 1941; x_wconf 88' lang='lat' dir='ltr'><strong>dc</strong></span> <span class='ocrx_word' id='word_1_47' title='bbox 746 1872 969 1961; x_wconf 79' lang='lat' dir='ltr'><strong>Ridenbergb,</strong></span> <span class='ocrx_word' id='word_1_48' title='bbox 985 1877 1118 1946; x_wconf 84' lang='lat' dir='ltr'><strong>Andrea</strong></span> <span class='ocrx_word' id='word_1_49' title='bbox 1134 1878 1176 1946; x_wconf 92' lang='lat' dir='ltr'><strong>de</strong></span> <span class='ocrx_word' id='word_1_50' title='bbox 1192 1881 1273 1948; x_wconf 89' lang='lat' dir='ltr'><strong>Peu-</strong></span> 
     </span>
    </p>
   </div>
   <div class='ocr_carea' id='block_1_4' title="bbox 148 1972 1390 2071">
    <p class='ocr_par' dir='ltr' id='par_1_4' title="bbox 148 1972 1390 2071">
     <span class='ocr_line' id='line_1_8' title="bbox 148 1972 1390 2071; baseline 0.008 -24"><span class='ocrx_word' id='word_1_51' title='bbox 148 1982 216 2063; x_wconf 85' lang='lat' dir='ltr'><strong>nie,</strong></span> <span class='ocrx_word' id='word_1_52' title='bbox 234 1979 387 2050; x_wconf 76' lang='lat' dir='ltr'><strong>(ichardo</strong></span> <span class='ocrx_word' id='word_1_53' title='bbox 405 1981 447 2050; x_wconf 91' lang='lat' dir='ltr'><strong>de</strong></span> <span class='ocrx_word' id='word_1_54' title='bbox 462 1982 669 2071; x_wconf 81' lang='lat' dir='ltr'><strong>Eberstuyn,</strong></span> <span class='ocrx_word' id='word_1_55' title='bbox 683 1983 834 2052; x_wconf 85' lang='lat' dir='ltr'><strong>Jobuune</strong></span> <span class='ocrx_word' id='word_1_56' title='bbox 850 1983 964 2070; x_wconf 77' lang='lat' dir='ltr'><strong>Genu,</strong></span> <span class='ocrx_word' id='word_1_57' title='bbox 980 1983 1113 2056; x_wconf 82' lang='lat' dir='ltr'><strong>Andreu</strong></span> <span class='ocrx_word' id='word_1_58' title='bbox 1129 1986 1274 2056; x_wconf 84' lang='lat' dir='ltr'><strong>Grusonl</strong></span> <span class='ocrx_word' id='word_1_59' title='bbox 1384 1972 1390 1985; x_wconf 77' lang='grc'><strong>’</strong></span> 
     </span>
    </p>
   </div>
   <div class='ocr_carea' id='block_1_5' title="bbox 145 2089 1276 4798">
    <p class='ocr_par' dir='ltr' id='par_1_5' title="bbox 145 2089 1276 4798">
     <span class='ocr_line' id='line_1_9' title="bbox 150 2089 1271 2179; baseline 0.005 -23"><span class='ocrx_word' id='word_1_60' title='bbox 150 2097 185 2156; x_wconf 88' lang='lat' dir='ltr'><strong>et</strong></span> <span class='ocrx_word' id='word_1_61' title='bbox 198 2089 428 2158; x_wconf 85' lang='lat' dir='ltr'><strong>Bertbolumoo</strong></span> <span class='ocrx_word' id='word_1_62' title='bbox 444 2090 553 2179; x_wconf 81' lang='lat' dir='ltr'><strong>Gritti,</strong></span> <span class='ocrx_word' id='word_1_63' title='bbox 569 2093 665 2160; x_wconf 89' lang='lat' dir='ltr'><strong>Petro</strong></span> <span class='ocrx_word' id='word_1_64' title='bbox 681 2094 846 2178; x_wconf 83' lang='lat' dir='ltr'><strong>Mangono</strong></span> <span class='ocrx_word' id='word_1_65' title='bbox 862 2093 903 2162; x_wconf 88' lang='lat' dir='ltr'><strong>de</strong></span> <span class='ocrx_word' id='word_1_66' title='bbox 913 2093 1070 2174; x_wconf 78' lang='lat' dir='ltr'><strong>Forliaio,</strong></span> <span class='ocrx_word' id='word_1_67' title='bbox 1086 2101 1120 2164; x_wconf 86' lang='lat' dir='ltr'><strong>et</strong></span> <span class='ocrx_word' id='word_1_68' title='bbox 1136 2094 1210 2162; x_wconf 87' lang='lat' dir='ltr'><strong>aliis</strong></span> <span class='ocrx_word' id='word_1_69' title='bbox 1226 2103 1271 2162; x_wconf 90' lang='lat' dir='ltr'><strong>tc-</strong></span> 
     </span>
     <span class='ocr_line' id='line_1_10' title="bbox 152 2199 1273 2290; baseline 0.005 -22"><span class='ocrx_word' id='word_1_70' title='bbox 152 2199 258 2268; x_wconf 87' lang='lat' dir='ltr'><strong>stibns</strong></span> <span class='ocrx_word' id='word_1_71' title='bbox 274 2199 464 2269; x_wconf 82' lang='lat' dir='ltr'><strong>conuocatis</strong></span> <span class='ocrx_word' id='word_1_72' title='bbox 481 2205 581 2284; x_wconf 85' lang='lat' dir='ltr'><strong>atque</strong></span> <span class='ocrx_word' id='word_1_73' title='bbox 597 2201 732 2286; x_wconf 80' lang='lat' dir='ltr'><strong>rogetis.</strong></span> <span class='ocrx_word' id='word_1_74' title='bbox 749 2202 830 2272; x_wconf 81' lang='lat' dir='ltr'><strong>(lum</strong></span> <span class='ocrx_word' id='word_1_75' title='bbox 846 2202 987 2272; x_wconf 85' lang='lat' dir='ltr'><strong>hnmano</strong></span> <span class='ocrx_word' id='word_1_76' title='bbox 997 2201 1273 2290; x_wconf 77' lang='lat' dir='ltr'><strong>tragilitatiscoa·</strong></span> 
     </span>
     <span class='ocr_line' id='line_1_11' title="bbox 152 2306 1273 2398; baseline 0.005 -23"><span class='ocrx_word' id='word_1_77' title='bbox 152 2306 239 2375; x_wconf 83' lang='lat' dir='ltr'><strong>dicio</strong></span> <span class='ocrx_word' id='word_1_78' title='bbox 254 2307 300 2376; x_wconf 91' lang='lat' dir='ltr'><strong>sit</strong></span> <span class='ocrx_word' id='word_1_79' title='bbox 315 2309 446 2378; x_wconf 89' lang='lat' dir='ltr'><strong>mobilis</strong></span> <span class='ocrx_word' id='word_1_80' title='bbox 463 2309 507 2377; x_wconf 86' lang='lat' dir='ltr'><strong>ad</strong></span> <span class='ocrx_word' id='word_1_81' title='bbox 522 2309 791 2392; x_wconf 75' lang='lat' dir='ltr'><strong>instabilitatem,</strong></span> <span class='ocrx_word' id='word_1_82' title='bbox 816 2331 954 2380; x_wconf 88' lang='lat' dir='ltr'><strong>necesse</strong></span> <span class='ocrx_word' id='word_1_83' title='bbox 970 2317 1041 2394; x_wconf 88' lang='lat' dir='ltr'><strong>est,</strong></span> <span class='ocrx_word' id='word_1_84' title='bbox 1062 2318 1158 2398; x_wconf 83' lang='lat' dir='ltr'><strong>gesta</strong></span> <span class='ocrx_word' id='word_1_85' title='bbox 1172 2311 1273 2380; x_wconf 90' lang='lat' dir='ltr'><strong>bomi-</strong></span> 
     </span>
     <span class='ocr_line' id='line_1_12' title="bbox 152 2417 1273 2507; baseline 0.004 -23"><span class='ocrx_word' id='word_1_86' title='bbox 152 2437 229 2484; x_wconf 91' lang='lat' dir='ltr'><strong>num</strong></span> <span class='ocrx_word' id='word_1_87' title='bbox 254 2418 350 2486; x_wconf 82' lang='lat' dir='ltr'><strong>utilia</strong></span> <span class='ocrx_word' id='word_1_88' title='bbox 374 2418 534 2507; x_wconf 88' lang='lat' dir='ltr'><strong>scripture</strong></span> <span class='ocrx_word' id='word_1_89' title='bbox 557 2420 745 2488; x_wconf 88' lang='lat' dir='ltr'><strong>testimonio</strong></span> <span class='ocrx_word' id='word_1_90' title='bbox 769 2418 962 2488; x_wconf 83' lang='lat' dir='ltr'><strong>confirmari.</strong></span> <span class='ocrx_word' id='word_1_91' title='bbox 988 2419 1151 2490; x_wconf 87' lang='lat' dir='ltr'><strong>Nouerint</strong></span> <span class='ocrx_word' id='word_1_92' title='bbox 1174 2417 1273 2506; x_wconf 75' lang='lat' dir='ltr'><strong>igitur</strong></span> 
     </span>
     <span class='ocr_line' id='line_1_13' title="bbox 152 2527 1270 2612; baseline 0.004 -20"><span class='ocrx_word' id='word_1_93' title='bbox 152 2527 307 2611; x_wconf 86' lang='lat' dir='ltr'><strong>uniuersi,</strong></span> <span class='ocrx_word' id='word_1_94' title='bbox 320 2527 409 2612; x_wconf 90' lang='lat' dir='ltr'><strong>qnod</strong></span> <span class='ocrx_word' id='word_1_95' title='bbox 426 2547 497 2596; x_wconf 90' lang='lat' dir='ltr'><strong>cum</strong></span> <span class='ocrx_word' id='word_1_96' title='bbox 514 2527 598 2596; x_wconf 90' lang='lat' dir='ltr'><strong>inter</strong></span> <span class='ocrx_word' id='word_1_97' title='bbox 614 2531 718 2598; x_wconf 82' lang='lat' dir='ltr'><strong>virum</strong></span> <span class='ocrx_word' id='word_1_98' title='bbox 735 2529 901 2596; x_wconf 89' lang='lat' dir='ltr'><strong>Illustrem</strong></span> <span class='ocrx_word' id='word_1_99' title='bbox 916 2527 1082 2598; x_wconf 88' lang='lat' dir='ltr'><strong>dominum</strong></span> <span class='ocrx_word' id='word_1_100' title='bbox 1100 2529 1270 2596; x_wconf 83' lang='lat' dir='ltr'><strong>Albertum</strong></span> 
     </span>
     <span class='ocr_line' id='line_1_14' title="bbox 149 2634 1270 2724; baseline 0 -20"><span class='ocrx_word' id='word_1_101' title='bbox 149 2634 309 2704; x_wconf 80' lang='lat' dir='ltr'><strong>(tomitem</strong></span> <span class='ocrx_word' id='word_1_102' title='bbox 328 2635 458 2704; x_wconf 81' lang='lat' dir='ltr'><strong>Goricie</strong></span> <span class='ocrx_word' id='word_1_103' title='bbox 483 2655 525 2702; x_wconf 84' lang='lat' dir='ltr'><strong>ex</strong></span> <span class='ocrx_word' id='word_1_104' title='bbox 541 2655 606 2704; x_wconf 88' lang='lat' dir='ltr'><strong>una</strong></span> <span class='ocrx_word' id='word_1_105' title='bbox 621 2644 727 2724; x_wconf 86' lang='lat' dir='ltr'><strong>parte,</strong></span> <span class='ocrx_word' id='word_1_106' title='bbox 744 2638 895 2706; x_wconf 78' lang='lat' dir='ltr'><strong>elvirum</strong></span> <span class='ocrx_word' id='word_1_107' title='bbox 913 2637 1089 2724; x_wconf 79' lang='lat' dir='ltr'><strong>Egregium</strong></span> <span class='ocrx_word' id='word_1_108' title='bbox 1106 2635 1270 2704; x_wconf 90' lang='lat' dir='ltr'><strong>dominum</strong></span> 
     </span>
     <span class='ocr_line' id='line_1_15' title="bbox 149 2745 1273 2833; baseline -0.002 -19"><span class='ocrx_word' id='word_1_109' title='bbox 149 2745 353 2832; x_wconf 83' lang='lat' dir='ltr'><strong>Albertinnm</strong></span> <span class='ocrx_word' id='word_1_110' title='bbox 368 2747 566 2814; x_wconf 82' lang='lat' dir='ltr'><strong>Menrooono</strong></span> <span class='ocrx_word' id='word_1_111' title='bbox 583 2745 625 2815; x_wconf 91' lang='lat' dir='ltr'><strong>de</strong></span> <span class='ocrx_word' id='word_1_112' title='bbox 640 2747 795 2828; x_wconf 78' lang='lat' dir='ltr'><strong>venecia,</strong></span> <span class='ocrx_word' id='word_1_113' title='bbox 811 2746 976 2833; x_wconf 89' lang='lat' dir='ltr'><strong>nuncium,</strong></span> <span class='ocrx_word' id='word_1_114' title='bbox 993 2753 1148 2831; x_wconf 85' lang='lat' dir='ltr'><strong>actorem,</strong></span> <span class='ocrx_word' id='word_1_115' title='bbox 1160 2750 1193 2812; x_wconf 89' lang='lat' dir='ltr'><strong>et</strong></span> <span class='ocrx_word' id='word_1_116' title='bbox 1202 2765 1273 2830; x_wconf 91' lang='lat' dir='ltr'><strong>pro·</strong></span> 
     </span>
     <span class='ocr_line' id='line_1_16' title="bbox 150 2853 1270 2941; baseline -0.001 -19"><span class='ocrx_word' id='word_1_117' title='bbox 150 2861 334 2924; x_wconf 81' lang='lat' dir='ltr'><strong>curatorem</strong></span> <span class='ocrx_word' id='word_1_118' title='bbox 367 2873 427 2940; x_wconf 93' lang='lat' dir='ltr'><strong>pro</strong></span> <span class='ocrx_word' id='word_1_119' title='bbox 462 2853 587 2923; x_wconf 86' lang='lat' dir='ltr'><strong>illustri</strong></span> <span class='ocrx_word' id='word_1_120' title='bbox 612 2853 745 2924; x_wconf 91' lang='lat' dir='ltr'><strong>domino</strong></span> <span class='ocrx_word' id='word_1_121' title='bbox 767 2853 923 2941; x_wconf 80' lang='lat' dir='ltr'><strong>Andros,</strong></span> <span class='ocrx_word' id='word_1_122' title='bbox 949 2855 1013 2923; x_wconf 89' lang='lat' dir='ltr'><strong>Dei</strong></span> <span class='ocrx_word' id='word_1_123' title='bbox 1038 2854 1153 2940; x_wconf 82' lang='lat' dir='ltr'><strong>gracie</strong></span> <span class='ocrx_word' id='word_1_124' title='bbox 1177 2853 1270 2922; x_wconf 84' lang='lat' dir='ltr'><strong>Duce</strong></span> 
     </span>
     <span class='ocr_line' id='line_1_17' title="bbox 148 2963 1274 3054; baseline -0.004 -20"><span class='ocrx_word' id='word_1_125' title='bbox 148 2965 334 3051; x_wconf 79' lang='lat' dir='ltr'><strong>Solemnis,</strong></span> <span class='ocrx_word' id='word_1_126' title='bbox 343 2971 463 3054; x_wconf 89' lang='lat' dir='ltr'><strong>nepote</strong></span> <span class='ocrx_word' id='word_1_127' title='bbox 479 2965 557 3035; x_wconf 88' lang='lat' dir='ltr'><strong>olim</strong></span> <span class='ocrx_word' id='word_1_128' title='bbox 568 2965 776 3035; x_wconf 78' lang='lat' dir='ltr'><strong>serenissimi</strong></span> <span class='ocrx_word' id='word_1_129' title='bbox 791 2965 1058 3036; x_wconf 81' lang='lat' dir='ltr'><strong>dominirtndree</strong></span> <span class='ocrx_word' id='word_1_130' title='bbox 1073 2964 1173 3048; x_wconf 77' lang='lat' dir='ltr'><strong>Regis</strong></span> <span class='ocrx_word' id='word_1_131' title='bbox 1185 2963 1274 3032; x_wconf 85' lang='lat' dir='ltr'><strong>Hun-</strong></span> 
     </span>
     <span class='ocr_line' id='line_1_18' title="bbox 148 3071 1272 3164; baseline -0.003 -24"><span class='ocrx_word' id='word_1_132' title='bbox 148 3073 253 3160; x_wconf 73' lang='lat' dir='ltr'><strong>garis,</strong></span> <span class='ocrx_word' id='word_1_133' title='bbox 270 3074 357 3142; x_wconf 88' lang='lat' dir='ltr'><strong>sicut</strong></span> <span class='ocrx_word' id='word_1_134' title='bbox 370 3081 465 3161; x_wconf 83' lang='lat' dir='ltr'><strong>patet</strong></span> <span class='ocrx_word' id='word_1_135' title='bbox 480 3073 611 3161; x_wconf 91' lang='lat' dir='ltr'><strong>publico</strong></span> <span class='ocrx_word' id='word_1_136' title='bbox 627 3075 876 3164; x_wconf 86' lang='lat' dir='ltr'><strong>procurationis</strong></span> <span class='ocrx_word' id='word_1_137' title='bbox 897 3075 1131 3158; x_wconf 87' lang='lat' dir='ltr'><strong>instrumento,</strong></span> <span class='ocrx_word' id='word_1_138' title='bbox 1147 3071 1272 3157; x_wconf 88' lang='lat' dir='ltr'><strong>scripto</strong></span> 
     </span>
     <span class='ocr_line' id='line_1_19' title="bbox 150 3179 1272 3271; baseline -0.002 -21"><span class='ocrx_word' id='word_1_139' title='bbox 150 3203 251 3252; x_wconf 76' lang='lat' dir='ltr'><strong>manu</strong></span> <span class='ocrx_word' id='word_1_140' title='bbox 265 3182 384 3252; x_wconf 83' lang='lat' dir='ltr'><strong>Placiti</strong></span> <span class='ocrx_word' id='word_1_141' title='bbox 400 3184 539 3254; x_wconf 81' lang='lat' dir='ltr'><strong>condem</strong></span> <span class='ocrx_word' id='word_1_142' title='bbox 555 3184 773 3254; x_wconf 78' lang='lat' dir='ltr'><strong>bertholamei</strong></span> <span class='ocrx_word' id='word_1_143' title='bbox 796 3183 964 3271; x_wconf 87' lang='lat' dir='ltr'><strong>Imperiali</strong></span> <span class='ocrx_word' id='word_1_144' title='bbox 989 3182 1185 3252; x_wconf 87' lang='lat' dir='ltr'><strong>auctoritate</strong></span> <span class='ocrx_word' id='word_1_145' title='bbox 1200 3179 1272 3249; x_wconf 82' lang='lat' dir='ltr'><strong>No·</strong></span> 
     </span>
     <span class='ocr_line' id='line_1_20' title="bbox 150 3289 1273 3380; baseline -0.003 -22"><span class='ocrx_word' id='word_1_146' title='bbox 150 3292 240 3380; x_wconf 83' lang='lat' dir='ltr'><strong>turii,</strong></span> <span class='ocrx_word' id='word_1_147' title='bbox 257 3313 343 3361; x_wconf 79' lang='lat' dir='ltr'><strong>anno</strong></span> <span class='ocrx_word' id='word_1_148' title='bbox 360 3291 493 3360; x_wconf 90' lang='lat' dir='ltr'><strong>Domini</strong></span> <span class='ocrx_word' id='word_1_149' title='bbox 508 3294 611 3361; x_wconf 89' lang='lat' dir='ltr'><strong>nostri</strong></span> <span class='ocrx_word' id='word_1_150' title='bbox 627 3292 732 3364; x_wconf 89' lang='lat' dir='ltr'><strong>Jbesn</strong></span> <span class='ocrx_word' id='word_1_151' title='bbox 753 3292 876 3362; x_wconf 78' lang='lat' dir='ltr'><strong>Christi</strong></span> <span class='ocrx_word' id='word_1_152' title='bbox 892 3314 915 3362; x_wconf 85' lang='lat' dir='ltr'><strong>e</strong></span> <span class='ocrx_word' id='word_1_153' title='bbox 929 3292 1111 3359; x_wconf 84' lang='lat' dir='ltr'><strong>Natiuitate</strong></span> <span class='ocrx_word' id='word_1_154' title='bbox 1127 3289 1273 3358; x_wconf 89' lang='lat' dir='ltr'><strong>eiusdem</strong></span> 
     </span>
     <span class='ocr_line' id='line_1_21' title="bbox 150 3399 1273 3490; baseline -0.004 -22"><span class='ocrx_word' id='word_1_155' title='bbox 150 3401 324 3470; x_wconf 87' lang='lat' dir='ltr'><strong>millesimo</strong></span> <span class='ocrx_word' id='word_1_156' title='bbox 340 3400 566 3470; x_wconf 87' lang='lat' dir='ltr'><strong>ducentesimo</strong></span> <span class='ocrx_word' id='word_1_157' title='bbox 582 3405 806 3490; x_wconf 80' lang='lat' dir='ltr'><strong>octuagesimo</strong></span> <span class='ocrx_word' id='word_1_158' title='bbox 823 3409 929 3484; x_wconf 85' lang='lat' dir='ltr'><strong>sexto,</strong></span> <span class='ocrx_word' id='word_1_159' title='bbox 940 3399 1124 3472; x_wconf 87' lang='lat' dir='ltr'><strong>indiccione</strong></span> <span class='ocrx_word' id='word_1_160' title='bbox 1143 3403 1273 3483; x_wconf 83' lang='lat' dir='ltr'><strong>qnerta·</strong></span> 
     </span>
     <span class='ocr_line' id='line_1_22' title="bbox 157 3507 1276 3598; baseline -0.005 -21"><span class='ocrx_word' id='word_1_161' title='bbox 157 3507 297 3594; x_wconf 85' lang='lat' dir='ltr'><strong>decima,</strong></span> <span class='ocrx_word' id='word_1_162' title='bbox 314 3507 369 3577; x_wconf 91' lang='lat' dir='ltr'><strong>die</strong></span> <span class='ocrx_word' id='word_1_163' title='bbox 385 3509 499 3576; x_wconf 88' lang='lat' dir='ltr'><strong>ultimo</strong></span> <span class='ocrx_word' id='word_1_164' title='bbox 516 3511 639 3580; x_wconf 92' lang='lat' dir='ltr'><strong>mensis</strong></span> <span class='ocrx_word' id='word_1_165' title='bbox 654 3511 735 3598; x_wconf 84' lang='lat' dir='ltr'><strong>blaij</strong></span> <span class='ocrx_word' id='word_1_166' title='bbox 752 3531 794 3578; x_wconf 87' lang='lat' dir='ltr'><strong>ex</strong></span> <span class='ocrx_word' id='word_1_167' title='bbox 813 3512 928 3594; x_wconf 82' lang='lat' dir='ltr'><strong>alteru,</strong></span> <span class='ocrx_word' id='word_1_168' title='bbox 944 3507 1184 3577; x_wconf 84' lang='lat' dir='ltr'><strong>matrimonium</strong></span> <span class='ocrx_word' id='word_1_169' title='bbox 1200 3525 1276 3574; x_wconf 92' lang='lat' dir='ltr'><strong>oon·</strong></span> 
     </span>
     <span class='ocr_line' id='line_1_23' title="bbox 149 3611 1274 3705; baseline -0.006 -18"><span class='ocrx_word' id='word_1_170' title='bbox 149 3615 239 3687; x_wconf 84' lang='lat' dir='ltr'><strong>trabi</strong></span> <span class='ocrx_word' id='word_1_171' title='bbox 254 3617 298 3686; x_wconf 89' lang='lat' dir='ltr'><strong>sit</strong></span> <span class='ocrx_word' id='word_1_172' title='bbox 312 3617 526 3705; x_wconf 90' lang='lat' dir='ltr'><strong>promissum,</strong></span> <span class='ocrx_word' id='word_1_173' title='bbox 542 3619 698 3688; x_wconf 87' lang='lat' dir='ltr'><strong>videlicet</strong></span> <span class='ocrx_word' id='word_1_174' title='bbox 713 3619 802 3702; x_wconf 90' lang='lat' dir='ltr'><strong>quod</strong></span> <span class='ocrx_word' id='word_1_175' title='bbox 816 3619 905 3688; x_wconf 92' lang='lat' dir='ltr'><strong>idem</strong></span> <span class='ocrx_word' id='word_1_176' title='bbox 921 3615 1070 3686; x_wconf 90' lang='lat' dir='ltr'><strong>dominns</strong></span> <span class='ocrx_word' id='word_1_177' title='bbox 1085 3615 1204 3684; x_wconf 83' lang='lat' dir='ltr'><strong>Comes</strong></span> <span class='ocrx_word' id='word_1_178' title='bbox 1218 3611 1274 3682; x_wconf 85' lang='lat' dir='ltr'><strong>Al·</strong></span> 
     </span>
     <span class='ocr_line' id='line_1_24' title="bbox 149 3725 1270 3817; baseline -0.003 -23"><span class='ocrx_word' id='word_1_179' title='bbox 149 3728 264 3795; x_wconf 88' lang='lat' dir='ltr'><strong>bertus</strong></span> <span class='ocrx_word' id='word_1_180' title='bbox 279 3747 341 3796; x_wconf 86' lang='lat' dir='ltr'><strong>suc</strong></span> <span class='ocrx_word' id='word_1_181' title='bbox 353 3736 539 3816; x_wconf 85' lang='lat' dir='ltr'><strong>spontanea</strong></span> <span class='ocrx_word' id='word_1_182' title='bbox 560 3730 731 3798; x_wconf 88' lang='lat' dir='ltr'><strong>uoluntate</strong></span> <span class='ocrx_word' id='word_1_183' title='bbox 748 3730 898 3817; x_wconf 81' lang='lat' dir='ltr'><strong>promisit</strong></span> <span class='ocrx_word' id='word_1_184' title='bbox 913 3725 978 3796; x_wconf 90' lang='lat' dir='ltr'><strong>tide</strong></span> <span class='ocrx_word' id='word_1_185' title='bbox 994 3726 1138 3795; x_wconf 85' lang='lat' dir='ltr'><strong>manueli</strong></span> <span class='ocrx_word' id='word_1_186' title='bbox 1154 3727 1187 3793; x_wconf 91' lang='lat' dir='ltr'><strong>in</strong></span> <span class='ocrx_word' id='word_1_187' title='bbox 1204 3743 1270 3792; x_wconf 81' lang='lat' dir='ltr'><strong>ma-</strong></span> 
     </span>
     <span class='ocr_line' id='line_1_25' title="bbox 151 3833 1273 3924; baseline -0.005 -18"><span class='ocrx_word' id='word_1_188' title='bbox 151 3837 249 3906; x_wconf 89' lang='lat' dir='ltr'><strong>nibus</strong></span> <span class='ocrx_word' id='word_1_189' title='bbox 265 3837 347 3906; x_wconf 87' lang='lat' dir='ltr'><strong>dicti</strong></span> <span class='ocrx_word' id='word_1_190' title='bbox 363 3837 483 3906; x_wconf 92' lang='lat' dir='ltr'><strong>domini</strong></span> <span class='ocrx_word' id='word_1_191' title='bbox 498 3839 670 3924; x_wconf 74' lang='lat' dir='ltr'><strong>Alterum,</strong></span> <span class='ocrx_word' id='word_1_192' title='bbox 687 3840 768 3907; x_wconf 85' lang='lat' dir='ltr'><strong>dare</strong></span> <span class='ocrx_word' id='word_1_193' title='bbox 783 3839 886 3906; x_wconf 89' lang='lat' dir='ltr'><strong>filiam</strong></span> <span class='ocrx_word' id='word_1_194' title='bbox 901 3856 995 3904; x_wconf 85' lang='lat' dir='ltr'><strong>snam</strong></span> <span class='ocrx_word' id='word_1_195' title='bbox 1020 3836 1184 3904; x_wconf 86' lang='lat' dir='ltr'><strong>dominum</strong></span> <span class='ocrx_word' id='word_1_196' title='bbox 1199 3833 1273 3902; x_wconf 80' lang='lat' dir='ltr'><strong>(lla-</strong></span> 
     </span>
     <span class='ocr_line' id='line_1_26' title="bbox 147 3925 1275 4037; baseline -0.002 -25"><span class='ocrx_word' id='word_1_197' title='bbox 147 3925 222 4012; x_wconf 65' lang='lat' dir='ltr'><strong>fc&#39;m</strong></span> <span class='ocrx_word' id='word_1_198' title='bbox 237 3948 273 4013; x_wconf 94' lang='lat' dir='ltr'><strong>in</strong></span> <span class='ocrx_word' id='word_1_199' title='bbox 288 3965 422 4014; x_wconf 82' lang='lat' dir='ltr'><strong>uxorem</strong></span> <span class='ocrx_word' id='word_1_200' title='bbox 438 3947 664 4037; x_wconf 88' lang='lat' dir='ltr'><strong>prenominato</strong></span> <span class='ocrx_word' id='word_1_201' title='bbox 681 3947 805 4016; x_wconf 89' lang='lat' dir='ltr'><strong>Illustri</strong></span> <span class='ocrx_word' id='word_1_202' title='bbox 822 3945 953 4014; x_wconf 91' lang='lat' dir='ltr'><strong>domino</strong></span> <span class='ocrx_word' id='word_1_203' title='bbox 968 3943 1099 4012; x_wconf 83' lang='lat' dir='ltr'><strong>Andree</strong></span> <span class='ocrx_word' id='word_1_204' title='bbox 1119 3941 1183 4011; x_wconf 90' lang='lat' dir='ltr'><strong>Dei</strong></span> <span class='ocrx_word' id='word_1_205' title='bbox 1197 3963 1275 4029; x_wconf 83' lang='lat' dir='ltr'><strong>gru·</strong></span> 
     </span>
     <span class='ocr_line' id='line_1_27' title="bbox 150 4053 1273 4141; baseline -0.004 -19"><span class='ocrx_word' id='word_1_206' title='bbox 150 4055 204 4123; x_wconf 82' lang='lat' dir='ltr'><strong>cie</strong></span> <span class='ocrx_word' id='word_1_207' title='bbox 217 4055 304 4122; x_wconf 90' lang='lat' dir='ltr'><strong>Duci</strong></span> <span class='ocrx_word' id='word_1_208' title='bbox 318 4056 425 4125; x_wconf 88' lang='lat' dir='ltr'><strong>tocius</strong></span> <span class='ocrx_word' id='word_1_209' title='bbox 441 4056 620 4125; x_wconf 88' lang='lat' dir='ltr'><strong>Solanonie</strong></span> <span class='ocrx_word' id='word_1_210' title='bbox 635 4057 814 4126; x_wconf 89' lang='lat' dir='ltr'><strong>secundnm</strong></span> <span class='ocrx_word' id='word_1_211' title='bbox 830 4055 917 4141; x_wconf 88' lang='lat' dir='ltr'><strong>qnod</strong></span> <span class='ocrx_word' id='word_1_212' title='bbox 944 4053 1075 4122; x_wconf 88' lang='lat' dir='ltr'><strong>decebit</strong></span> <span class='ocrx_word' id='word_1_213' title='bbox 1089 4058 1273 4137; x_wconf 82' lang='lat' dir='ltr'><strong>utrumque,</strong></span> 
     </span>
     <span class='ocr_line' id='line_1_28' title="bbox 149 4161 1273 4252; baseline -0.004 -19"><span class='ocrx_word' id='word_1_214' title='bbox 149 4171 183 4233; x_wconf 87' lang='lat' dir='ltr'><strong>et</strong></span> <span class='ocrx_word' id='word_1_215' title='bbox 198 4163 289 4232; x_wconf 90' lang='lat' dir='ltr'><strong>idem</strong></span> <span class='ocrx_word' id='word_1_216' title='bbox 304 4162 454 4234; x_wconf 92' lang='lat' dir='ltr'><strong>dominns</strong></span> <span class='ocrx_word' id='word_1_217' title='bbox 469 4167 658 4234; x_wconf 88' lang='lat' dir='ltr'><strong>Albertinus</strong></span> <span class='ocrx_word' id='word_1_218' title='bbox 667 4217 676 4252; x_wconf 87' lang='lat'><strong><em>,</em></strong></span> <span class='ocrx_word' id='word_1_219' title='bbox 704 4164 884 4235; x_wconf 81' lang='lat' dir='ltr'><strong>auunculus</strong></span> <span class='ocrx_word' id='word_1_220' title='bbox 903 4163 1050 4233; x_wconf 86' lang='lat' dir='ltr'><strong>eiusdem</strong></span> <span class='ocrx_word' id='word_1_221' title='bbox 1066 4161 1189 4230; x_wconf 91' lang='lat' dir='ltr'><strong>domiui</strong></span> <span class='ocrx_word' id='word_1_222' title='bbox 1206 4161 1273 4228; x_wconf 91' lang='lat' dir='ltr'><strong>Du·</strong></span> 
     </span>
     <span class='ocr_line' id='line_1_29' title="bbox 153 4269 1272 4360; baseline -0.003 -18"><span class='ocrx_word' id='word_1_223' title='bbox 153 4275 213 4357; x_wconf 88' lang='lat' dir='ltr'><strong>cis,</strong></span> <span class='ocrx_word' id='word_1_224' title='bbox 231 4274 362 4343; x_wconf 90' lang='lat' dir='ltr'><strong>nomine</strong></span> <span class='ocrx_word' id='word_1_225' title='bbox 379 4273 484 4360; x_wconf 89' lang='lat' dir='ltr'><strong>ipsius</strong></span> <span class='ocrx_word' id='word_1_226' title='bbox 500 4275 623 4345; x_wconf 85' lang='lat' dir='ltr'><strong>dictam</strong></span> <span class='ocrx_word' id='word_1_227' title='bbox 633 4276 799 4342; x_wconf 82' lang='lat' dir='ltr'><strong>dominam</strong></span> <span class='ocrx_word' id='word_1_228' title='bbox 816 4275 947 4342; x_wconf 81' lang='lat' dir='ltr'><strong>claram</strong></span> <span class='ocrx_word' id='word_1_229' title='bbox 962 4271 1065 4340; x_wconf 85' lang='lat' dir='ltr'><strong>liliam</strong></span> <span class='ocrx_word' id='word_1_230' title='bbox 1081 4270 1201 4358; x_wconf 83' lang='lat' dir='ltr'><strong>prelati</strong></span> <span class='ocrx_word' id='word_1_231' title='bbox 1216 4269 1272 4339; x_wconf 89' lang='lat' dir='ltr'><strong>do·</strong></span> 
     </span>
     <span class='ocr_line' id='line_1_30' title="bbox 145 4377 1270 4469; baseline -0.004 -19"><span class='ocrx_word' id='word_1_232' title='bbox 145 4381 227 4450; x_wconf 91' lang='lat' dir='ltr'><strong>mini</strong></span> <span class='ocrx_word' id='word_1_233' title='bbox 242 4381 389 4468; x_wconf 76' lang='lat' dir='ltr'><strong>comitis,</strong></span> <span class='ocrx_word' id='word_1_234' title='bbox 406 4385 573 4452; x_wconf 86' lang='lat' dir='ltr'><strong>nominato</strong></span> <span class='ocrx_word' id='word_1_235' title='bbox 590 4385 723 4452; x_wconf 91' lang='lat' dir='ltr'><strong>domino</strong></span> <span class='ocrx_word' id='word_1_236' title='bbox 733 4382 865 4452; x_wconf 83' lang='lat' dir='ltr'><strong>Andree</strong></span> <span class='ocrx_word' id='word_1_237' title='bbox 881 4380 992 4469; x_wconf 88' lang='lat' dir='ltr'><strong>nepoti</strong></span> <span class='ocrx_word' id='word_1_238' title='bbox 1007 4399 1066 4449; x_wconf 90' lang='lat' dir='ltr'><strong>suo</strong></span> <span class='ocrx_word' id='word_1_239' title='bbox 1082 4377 1270 4465; x_wconf 83' lang='lat' dir='ltr'><strong>acceptarit</strong></span> 
     </span>
     <span class='ocr_line' id='line_1_31' title="bbox 146 4487 1274 4580; baseline -0.007 -20"><span class='ocrx_word' id='word_1_240' title='bbox 146 4492 297 4578; x_wconf 81' lang='lat' dir='ltr'><strong>accipere</strong></span> <span class='ocrx_word' id='word_1_241' title='bbox 310 4492 342 4558; x_wconf 91' lang='lat' dir='ltr'><strong>in</strong></span> <span class='ocrx_word' id='word_1_242' title='bbox 359 4511 514 4578; x_wconf 77' lang='lat' dir='ltr'><strong>uxorem5</strong></span> <span class='ocrx_word' id='word_1_243' title='bbox 532 4499 565 4560; x_wconf 90' lang='lat' dir='ltr'><strong>et</strong></span> <span class='ocrx_word' id='word_1_244' title='bbox 581 4511 652 4558; x_wconf 90' lang='lat' dir='ltr'><strong>oum</strong></span> <span class='ocrx_word' id='word_1_245' title='bbox 669 4491 809 4580; x_wconf 87' lang='lat' dir='ltr'><strong>predicti</strong></span> <span class='ocrx_word' id='word_1_246' title='bbox 825 4490 949 4560; x_wconf 91' lang='lat' dir='ltr'><strong>domini</strong></span> <span class='ocrx_word' id='word_1_247' title='bbox 963 4489 1039 4556; x_wconf 88' lang='lat' dir='ltr'><strong>Dux</strong></span> <span class='ocrx_word' id='word_1_248' title='bbox 1055 4495 1088 4556; x_wconf 90' lang='lat' dir='ltr'><strong>et</strong></span> <span class='ocrx_word' id='word_1_249' title='bbox 1103 4488 1219 4557; x_wconf 82' lang='lat' dir='ltr'><strong>Comes</strong></span> <span class='ocrx_word' id='word_1_250' title='bbox 1232 4487 1274 4552; x_wconf 93' lang='lat' dir='ltr'><strong>si·</strong></span> 
     </span>
     <span class='ocr_line' id='line_1_32' title="bbox 146 4596 1274 4692; baseline -0.005 -24"><span class='ocrx_word' id='word_1_251' title='bbox 146 4601 214 4670; x_wconf 91' lang='lat' dir='ltr'><strong>mul</strong></span> <span class='ocrx_word' id='word_1_252' title='bbox 231 4601 462 4684; x_wconf 76' lang='lat' dir='ltr'><strong>coercuerint,</strong></span> <span class='ocrx_word' id='word_1_253' title='bbox 487 4603 667 4692; x_wconf 86' lang='lat' dir='ltr'><strong>predictum</strong></span> <span class='ocrx_word' id='word_1_254' title='bbox 695 4601 936 4669; x_wconf 85' lang='lat' dir='ltr'><strong>matrimonium</strong></span> <span class='ocrx_word' id='word_1_255' title='bbox 952 4619 1012 4686; x_wconf 91' lang='lat' dir='ltr'><strong>per</strong></span> <span class='ocrx_word' id='word_1_256' title='bbox 1028 4596 1201 4683; x_wconf 84' lang='lat' dir='ltr'><strong>corporale</strong></span> <span class='ocrx_word' id='word_1_257' title='bbox 1220 4615 1274 4665; x_wconf 83' lang='lat' dir='ltr'><strong>sa·</strong></span> 
     </span>
     <span class='ocr_line' id='line_1_33' title="bbox 146 4707 1273 4798; baseline -0.007 -21"><span class='ocrx_word' id='word_1_258' title='bbox 146 4717 347 4780; x_wconf 78' lang='lat' dir='ltr'><strong>crementum</strong></span> <span class='ocrx_word' id='word_1_259' title='bbox 363 4713 462 4780; x_wconf 85' lang='lat' dir='ltr'><strong>tactis</strong></span> <span class='ocrx_word' id='word_1_260' title='bbox 478 4711 711 4781; x_wconf 80' lang='lat' dir='ltr'><strong>Sacrosanctis</strong></span> <span class='ocrx_word' id='word_1_261' title='bbox 722 4710 919 4798; x_wconf 79' lang='lat' dir='ltr'><strong>Euangeliis</strong></span> <span class='ocrx_word' id='word_1_262' title='bbox 935 4707 1059 4776; x_wconf 89' lang='lat' dir='ltr'><strong>debent</strong></span> <span class='ocrx_word' id='word_1_263' title='bbox 1075 4714 1108 4773; x_wconf 91' lang='lat' dir='ltr'><strong>et</strong></span> <span class='ocrx_word' id='word_1_264' title='bbox 1122 4708 1273 4773; x_wconf 88' lang='lat' dir='ltr'><strong>tenentur</strong></span> 
     </span>
    </p>
   </div>
   <div class='ocr_carea' id='block_1_6' title="bbox 0 0 1576 5170">
    <p class='ocr_par' dir='ltr' id='par_1_6' title="bbox 0 0 1576 5170">
     <span class='ocr_line' id='line_1_34' title="bbox 0 0 1576 5170; baseline 0 0"><span class='ocrx_word' id='word_1_265' title='bbox 0 0 1576 5170; x_wconf 95' lang='lat' dir='ltr'><strong> </strong></span> 
     </span>
    </p>
   </div>
  </div>
 </body>
</html>
