3156 5158
904 294 951 362 40

838 379 994 398 --·--·

352 487 507 582 Hefflcus
533 495 642 561 Banus
669 491 900 559 infidelitatem
926 491 1132 558 committens
1158 509 1194 556 se
1220 499 1313 558 extra
1336 493 1481 574 Regnum

353 579 581 688 tranbtularat‚
598 601 800 668 restituisset
816 599 958 684 eisdem;
977 600 1106 667 demum
1123 599 1217 666 nobis
1238 601 1343 682 Regni
1360 599 1482 685 guber-

354 709 474 778 nacula
491 683 634 794 adeptis,
652 707 767 776 eodem
783 705 920 775 Herrico
937 709 1030 775 Bane
1055 707 1099 772 ad
1115 713 1259 773 nostram
1277 709 1422 793 graciam
1438 727 1483 771 rc·

355 818 462 906 cepto,
480 818 572 902 ipsas
599 817 827 902 possessiones
854 816 961 885 dictus
977 817 1134 882 Herricus
1154 815 1267 882 Banna
1292 815 1484 883 detinuisset

354 929 518 997 violenter
533 945 638 1009 rsquc
655 923 771 1008 modo;
802 929 953 1008 petentes
969 944 991 990 a
1006 925 1101 991 nobis
1116 929 1151 990 vt
1166 924 1350 1004 humiliter,
1367 924 1416 988 sic
1431 921 1483 989 de-

356 1041 444 1120 uote,
461 1041 496 1101 vt
511 1053 573 1102 nos
592 1033 699 1100 dictas
716 1033 949 1118 possessiones
967 1030 1014 1100 eis
1031 1032 1158 1098 restitui
1184 1033 1299 1099 tacere
1316 1032 1422 1116 Regia
1448 1032 1482 1096 li-

356 1143 530 1210 beralitate
546 1141 767 1226 dignaremur.
784 1141 854 1206 Nos
872 1141 983 1224 itaque
1000 1141 1143 1225 ipsorum
1161 1141 1256 1208 iustis
1273 1141 1427 1226 precibus
1442 1141 1482 1204 in·

357 1253 490 1335 clinati;
507 1249 586 1334 quia
602 1250 821 1338 comperimus
838 1259 869 1316 et
886 1249 1059 1315 didicimus
1076 1271 1097 1314 a
1114 1250 1224 1314 multis
1240 1249 1407 1315 nobilibus
1425 1250 1482 1314 Re·

356 1361 416 1444 gni
432 1360 546 1443 nostri,
563 1359 654 1442 ipsas
670 1359 903 1442 possessiones
919 1376 1031 1423 eornm
1048 1377 1121 1423 esse
1138 1357 1367 1441 hereditarias,
1385 1364 1483 1442 ctpcr

359 1469 531 1536 Herticum
548 1467 675 1534 Beuum
694 1465 840 1532 indebite
856 1473 1056 1552 occupatas,
1083 1465 1305 1532 attendentes·
1321 1466 1426 1532 eciam
1452 1463 1482 1527 fi-

358 1578 515 1645 delitates
532 1583 566 1641 et
581 1576 748 1642 meritoria
764 1575 923 1659 obsequia
938 1576 1109 1658 lobannis,
1129 1583 1161 1640 et
1177 1574 1265 1642 Petri
1277 1575 1389 1642 fratris
1401 1575 1481 1642 eins-

358 1688 443 1770 dcm,
469 1705 532 1770 que
559 1687 593 1752 in
619 1683 761 1752 diuersis
788 1686 894 1770 Regni
911 1685 1015 1750 nostri
1042 1684 1314 1768 expedicionibns
1341 1692 1483 1767 tempore

358 1795 526 1864 karissimi
555 1795 661 1881 patris
688 1795 788 1860 nostri
814 1801 847 1859 et
872 1801 985 1862 nostre
1003 1793 1215 1860 laudabiliter
1231 1791 1483 1879 impenderunt3

359 1905 463 1992 primo
481 1912 515 1971 et
529 1903 757 1989 principaliter
774 1903 865 1968 iuxta
881 1900 1011 1968 fluuium
1022 1901 1183 1968 Rabucha
1194 1897 1375 1986 (Rabcha),
1387 1919 1481 1983 quan-

359 2012 402 2080 do
418 2015 489 2080 Rex
514 2013 707 2079 Boemcrnm
733 2011 814 2078 lines
843 2013 949 2094 Regni
966 2011 1067 2078 nostri
1084 2017 1272 2078 mactaturus
1290 2011 1483 2092 intrauerat,

360 2122 449 2189 idem
465 2120 637 2188 Johannes
655 2121 781 2186 lortrrue
798 2121 931 2187 casibus
948 2139 985 2186 se
1006 2120 1221 2202 committens,
1239 2126 1356 2186 contra
1373 2119 1483 2184 adner-

361 2249 432 2297 sam
450 2229 557 2295 aciem
573 2248 610 2294 se
626 2245 795 2314 opponere
812 2247 877 2292 non
905 2228 1051 2311 expauit,
1069 2227 1124 2292 vbi
1140 2228 1260 2295 uulnus
1277 2227 1406 2311 accepit
1421 2227 1484 2292 lau·

361 2338 518 2406 debiliter
534 2336 741 2419 dimicando;
760 2338 837 2402 item
864 2337 926 2401 sub
956 2343 1064 2402 castro
1090 2336 1270 2418 Zumboth,
1297 2335 1354 2402 rbi
1381 2334 1483 2400 dictus

361 2446 531 2514 Jchannes
549 2451 582 2510 et
597 2443 716 2511 fratres
732 2444 784 2511 sui
799 2463 918 2512 nouem
938 2445 1086 2512 homines
1105 2444 1310 2527 occiderunt,
1328 2446 1405 2509 item
1417 2444 1482 2510 iux-

361 2562 397 2620 ta
413 2553 606 2632 llorauiam,
624 2553 679 2618 vbi
696 2553 802 2619 dictus
818 2553 933 2620 Petrus
949 2555 1068 2620 uulnus
1084 2553 1220 2618 incurrit
1236 2573 1301 2619 non
1317 2557 1483 2636 optatum

363 2671 397 2730 et
412 2663 474 2730 sub
491 2671 598 2727 castro
615 2659 695 2746 Lca,
712 2661 766 2728 vbi
783 2661 930 2748 prelatus
957 2663 1071 2727 Petrus
1088 2661 1247 2743 quendam
1264 2661 1403 2727 militem
1419 2662 1483 2727 lan·

363 2791 424 2839 cea
440 2771 578 2856 deiecit;
595 2792 634 2835 ac
650 2772 711 2839 sub
729 2781 837 2836 castro
849 2770 970 2837 Detrcb
985 2769 1151 2858 (Detroilr)
1163 2769 1302 2838 viriliter
1314 2769 1483 2856 preliando

365 2879 536 2948 victoriam
553 2879 751 2946 laudabilem
776 2887 999 2964 reportarunt;
1017 2881 1122 2944 dictas
1148 2880 1379 2965 possessiones
1406 2880 1484 2946 Sim·

364 3009 446 3077 perg
462 2994 496 3055 et
512 2986 632 3055 Ghurle
649 2987 830 3054 auferendo
848 3008 869 3054 a
885 2988 1012 3072 prefato
1029 2989 1166 3056 Herrico
1186 2989 1289 3072 Bano,
1308 2990 1362 3072 qui
1374 2989 1486 3054 ablato

364 3097 467 3164 fratrc
483 3103 594 3163 nostre
612 3099 704 3162 Duce
720 3098 853 3162 Andrca
879 3105 912 3161 et
939 3093 1165 3163 infidelitatem
1192 3093 1425 3165 committendo
1449 3114 1485 3160 se

364 3205 529 3272 transtulit
544 3206 631 3271 nltra
647 3207 822 3288 Drawam,
839 3206 963 3273 eisdem
977 3205 1139 3289 Jobanni,
1157 3209 1265 3291 Petro,
1284 3207 1398 3289 Panlo,
1416 3207 1486 3273 Ste-

363 3315 472 3401 phano
489 3321 521 3380 ot
537 3311 696 3397 Nicolac,
712 3333 753 3380 ac
769 3333 879 3382 eorum
908 3313 1085 3381 heredibus
1094 3366 1104 3402 ,
1121 3315 1341 3399 heredumque
1358 3333 1485 3382 succes·

366 3422 496 3489 ceribus
513 3420 674 3507 dedimus,
692 3423 897 3508 contulimus,
914 3423 1119 3507 tradidimus,
1140 3426 1341 3491 restituimus
1359 3431 1393 3490 et
1407 3425 1486 3489 resi·

364 3533 459 3616 gnari
468 3533 613 3614 fecimus,
625 3549 697 3596 eum
715 3532 866 3600 omnibus
882 3533 1090 3616 utilitatibus,
1108 3535 1334 3620 pertinencijs,
1353 3534 1488 3601 circum·

365 3641 504 3726 stancijs
513 3687 523 3722 ,
541 3639 770 3728 appendicijs3
788 3641 911 3709 tributo
927 3642 1086 3710 videlicet
1101 3643 1189 3727 riui,
1205 3643 1319 3727 siluis,
1337 3643 1488 3728 virgulto,

366 3745 538 3834 (tributo),
555 3757 595 3815 ae
621 3749 698 3834 alijs
724 3770 853 3836 quoquo
879 3751 1007 3818 nornine
1033 3756 1229 3820 censeantur
1244 3753 1314 3818 iure
1331 3755 1491 3839 perpetuo

365 3857 503 3943 pacifice
518 3863 551 3925 et
567 3858 828 3928 irrenocabiliter
844 3859 1073 3945 possidendas.
1091 3861 1135 3927 Ut
1150 3861 1250 3946 igitur
1266 3861 1363 3928 huius
1380 3867 1493 3926 nostre

367 3965 581 4050 cellacicnis,
609 3985 665 4033 sen
693 3969 914 4037 restitucionis
930 3969 1031 4038 series
1048 3972 1146 4036 robur
1163 3971 1314 4055 optineat
1330 3973 1494 4056 perpetua

365 4073 548 4160 firmitatis,
565 4096 626 4142 nec
651 4077 757 4162 possit
773 4077 839 4145 vllo
856 4098 999 4162 unquam
1016 4085 1164 4164 tempore
1179 4099 1238 4167 per
1251 4079 1435 4164 quempiam
1457 4078 1492 4142 in

365 4185 492 4253 irritum
507 4186 690 4270 retractari,
708 4193 880 4268 presentes
899 4189 1123 4256 concessimus
1140 4189 1265 4255 litteras
1291 4186 1429 4272 duplicis
1448 4187 1497 4253 si·

364 4295 437 4380 gilli
453 4293 559 4362 nostri
575 4295 753 4361 munimine
769 4295 947 4364 roboratas.
963 4298 1084 4365 Datum
1100 4317 1159 4382 per
1176 4314 1292 4362 manns
1319 4293 1497 4362 venerabi·

363 4404 406 4471 lis
422 4404 485 4469 riri
501 4401 651 4486 magistri
666 4401 847 4487 Benedicti,
864 4403 985 4471 Sancte
997 4404 1233 4488 strigoniensis
1245 4405 1397 4472 Eccleaie
1414 4402 1497 4468 ldle-

366 4513 428 4595 oti,
446 4511 657 4593 eiusdemque
684 4510 748 4577 loci
773 4510 906 4578 Comitis
930 4513 1100 4600 perpetui,
1124 4513 1289 4597 Prepesiti
1315 4511 1500 4596 Budensis,

364 4619 440 4685 aule
456 4625 570 4686 nostre
585 4616 887 4706 vicecancellarii,
898 4621 1010 4690 dilecti
1021 4627 1056 4690 et
1070 4619 1180 4690 fidelis
1197 4622 1316 4706 nostri,
1329 4641 1414 4690 anno
1429 4621 1515 4688 Do-
