3142 5164
855 328 920 398 tce

832 431 836 434 ,.
841 428 964 437 ,.-..----

324 527 541 620 apostoticae
555 529 803 617 progenitorum
819 547 952 598 suorum
961 527 994 594 in
1011 525 1086 616 ipsa
1102 531 1213 596 aetate
1227 535 1343 600 tenera
1358 537 1455 602 actus

324 648 476 712 sueonos
492 647 643 726 mutetur,
663 641 826 726 nobisque
844 640 885 708 ob
905 638 1127 707 reverentiam
1142 639 1456 710 SacrosanctaeRo-

325 770 447 820 manae
463 749 654 836 Ecclesiae,
672 755 705 817 et
729 755 864 818 nostrae
878 745 1017 817 invicem
1034 747 1203 818 amicitiae
1217 749 1371 838 puritate,
1388 769 1457 835 qua

324 859 414 928 idem
430 859 526 943 velle,
550 857 638 926 idem
653 857 741 926 nolle
756 864 866 926 mutuo
882 855 1082 947 profitemur,
1100 856 1145 926 ad
1160 857 1383 926 conterendos
1398 859 1455 926 bo-

326 973 395 1036 stes
409 967 554 1054 Imperii,
573 967 616 1035 ab
627 967 817 1036 obedientia
836 967 1005 1036 Romanae
1021 964 1197 1036 Ecclesiae
1219 967 1365 1055 superba
1386 988 1455 1036 cer-

326 1076 399 1146 vice
416 1075 652 1160 quodammodo
669 1074 886 1162 declinantes,
898 1095 994 1143 suam
1010 1073 1139 1143 timorit
1158 1075 1311 1142 militiam
1327 1076 1455 1162 magni·
1554 1105 1555 1136 t

326 1185 389 1252 tice
399 1183 881 1271 largiendamrlieatitudiuem
891 1186 1050 1253 Vestram
1066 1183 1218 1254 duximus
1229 1185 1390 1254 attentius
1400 1205 1456 1252 ex·

327 1291 498 1378 orandam,
516 1293 670 1379 quatinus
681 1293 933 1362 eundemtilium
949 1299 1097 1360 nostrum
1113 1301 1146 1362 et
1161 1293 1313 1377 amicum,
1329 1296 1455 1380 Regem

326 1399 505 1488 Vugariae,
522 1401 684 1470 babentes
701 1421 805 1489 penes
830 1401 1021 1470 sanctitatis
1036 1403 1176 1470 Vestrae
1192 1401 1353 1486 gremium
1370 1423 1455 1470 com·

327 1509 528 1595 mendatum,
546 1509 579 1576 iu
596 1507 812 1598 petitionibus
828 1510 907 1597 suis,
923 1511 1117 1596 praesertim
1135 1511 1169 1577 in
1194 1529 1340 1598 persona
1356 1531 1455 1580 vene

327 1616 443 1686 rabilis
468 1617 531 1686 riri
556 1619 707 1705 Magistri
731 1619 897 1688 Johauuis
923 1619 1109 1706 Praepositi
1141 1619 1322 1702 Eudousia,
1346 1621 1455 1688 illecti

327 1725 528 1795 Albancnsis
555 1727 750 1811 Ecclesiae,
774 1728 820 1794 ad
845 1727 957 1795 sedem
974 1728 1168 1795 sanctitatis
1185 1729 1324 1796 Vestrae
1341 1729 1455 1796 imme-

251 1871 253 1874 ·
330 1835 421 1901 diate
446 1835 648 1920 spectantis,
675 1835 775 1902 aulae
791 1837 940 1922 ejusdem
956 1835 1088 1902 Domini
1104 1835 1203 1922 Regis
1220 1836 1387 1921 Vagariae
1403 1837 1455 1903 lli-
1554 1903 1555 1932 ,

328 1943 577 2029 oeeaneeltarii,
602 1945 756 2014 Doctoris
781 1947 1017 2029 Decretorum,
1033 1943 1157 2028 [lavore
1173 1944 1327 2014 benivolo
1344 1965 1454 2034 prose·
1554 1983 1555 1990 κ

329 2060 478 2138 quentes,
495 2073 612 2122 munus
639 2053 895 2121 confirmationis
916 2055 951 2120 in
969 2058 1063 2122 tanta
1078 2073 1187 2120 rerum
1204 2053 1333 2120 turbine
1350 2061 1384 2121 et
1399 2073 1453 2138 gu·
1554 2111 1555 2148 ἒ

331 2182 404 2230 erra
421 2162 603 2248 dignemini
618 2161 653 2230 in
668 2161 848 2246 Vugariam
874 2160 1092 2246 paternaliter
1106 2157 1272 2244 delegare,
1289 2181 1364 2228 cum
1380 2181 1453 2228 eun·
1554 2227 1555 2230 ,

330 2275 403 2341 dem
418 2273 611 2356 Magistrum
627 2271 811 2340 lohannem
827 2269 978 2336 Electum
995 2269 1115 2336 aetatis
1132 2269 1315 2353 maturitas,
1331 2270 1453 2358 opinio·

329 2381 383 2450 uis
399 2379 585 2462 celebritas,
603 2379 771 2465 sangoinis
788 2385 821 2447 et
835 2379 927 2447 vitae
944 2376 1113 2460 nobilitas,
1126 2397 1223 2460 quem
1234 2377 1278 2445 ad
1289 2397 1351 2445 nos
1362 2397 1452 2464 prae·

333 2489 521 2559 sentialiter
548 2491 771 2574 eognovimus,
798 2495 831 2554 et
857 2486 960 2555 affatu
976 2488 1226 2554 attrectavimus
1244 2487 1391 2576 speciali,
1403 2489 1453 2574 ju·
1554 2537 1555 2542 η

327 2599 412 2686 giter
435 2598 700 2669 recommendent
711 2648 720 2681 ,
747 2601 782 2663 ut
808 2595 845 2698 in·
868 2595 929 2662 hoo
947 2602 1080 2665 nostrae
1094 2595 1267 2682 petitionis
1284 2602 1318 2664 et
1333 2595 1452 2683 suppli·

331 2705 471 2775 cationis
487 2707 625 2775 intentio
642 2726 722 2790 erga
738 2705 875 2772 Vestrae
892 2705 1085 2773 Sanctitatia
1103 2705 1273 2772 oraculum
1290 2724 1394 2771 rerum
1410 2705 1452 2771 cl·

330 2815 446 2884 ticacia
462 2816 581 2883 solitae
596 2814 811 2900 benignitatis
828 2811 947 2878 affectu
964 2811 1089 2880 eniteat
1105 2814 1139 2880 in
1155 2811 1319 2878 effectum.

707 3005 870 3081 (sosmann
884 3009 921 3064 ra.
933 3025 971 3062 m.
983 3007 1028 3064 se.
1041 3005 1072 3079 1.)
