3142 5164
652 1019 730 1088 142.

119 1216 152 1282 Α
168 1218 340 1304 ocrzprtmi
353 1216 511 1305 kdptulau
528 1217 587 1284 IV.
604 1217 722 1284 Loazto
734 1214 1059 1303 kirdlydozjclcuttst
1076 1228 1152 1306 isse,
1170 1220 1250 1310 dopy

120 1349 143 1390 o
158 1324 290 1392 Pericli
315 1325 453 1392 nemeselt
478 1325 642 1390 birtoicdro
665 1327 760 1390 uisos
785 1323 837 1392 δι.
854 1324 920 1390 Gdl
936 1324 1116 1414 belysdpbcn
1139 1327 1248 1394 butris-

503 1437 615 1521 jdrdst
630 1443 752 1500 turtott.
766 1435 863 1499 1281.

229 1629 521 1698 Excellentissimo
538 1629 671 1699 domino
696 1650 755 1700 suo
771 1628 932 1698 Ladislao
951 1632 1015 1699 Dei
1032 1633 1147 1724 gracia
1163 1632 1248 1716 Regi

119 1737 291 1824 Hungsrie
309 1739 495 1824 Capitulum
513 1739 768 1826 vesprimiensis
779 1739 929 1808 Ecclesie
950 1739 1122 1809 oraciones
1133 1743 1168 1810 in
1183 1744 1249 1811 Do·

118 1846 210 1914 mino
227 1854 294 1912 tam
311 1845 443 1914 debitas
460 1865 556 1930 qnam
572 1845 723 1914 deuotus.
749 1844 947 1914 SerenitotEs
963 1855 1073 1917 usstrs
1088 1856 1248 1936 precepta

117 1961 314 2024 reuerentes
330 1961 554 2040 exequentes,
582 1963 617 2022 nt
633 1962 801 2038 tenemur,
828 1953 921 2022 iuxta
937 1953 1120 2023 uostrurum
1142 1959 1246 2026 conti·

117 2065 273 2132 nenciom
298 2065 483 2130 litterarum
500 2083 573 2130 cum
589 2063 688 2130 Petro
705 2061 773 2130 filio
790 2096 835 2109 -
850 2098 895 2110 -
911 2061 1043 2130 bomine
1066 2071 1177 2133 uestro
1193 2087 1248 2134 no·

117 2180 222 2239 strum
239 2169 404 2239 hominem
420 2191 480 2260 pro
498 2171 689 2239 testimonio
715 2171 861 2239 misimus
876 2169 1097 2260 fidediguum3
1122 2175 1177 2258 qui
1193 2175 1249 2242 dc·
1274 2227 1276 2239 .

117 2301 207 2366 mum
225 2279 271 2348 ud
286 2297 347 2348 nos
365 2277 505 2368 rediens¹
516 2299 588 2345 cum
605 2278 718 2346 codem
729 2277 825 2345 nobis
842 2280 935 2364 dixit,
952 2280 1038 2364 qnod
1050 2281 1134 2349 idem
1151 2285 1248 2351 homo

116 2397 233 2457 nester
248 2389 282 2456 iu
298 2389 476 2456 Dominioa
492 2387 681 2454 Palmurum
708 2387 801 2453 iuxta
817 2374 1011 2455 mandatum
1037 2391 1248 2462 Excellcnoic

116 2507 230 2567 nostre
247 2495 410 2565 accedens
427 2497 472 2564 ad
499 2493 618 2562 faciem
645 2504 730 2563 terre
756 2495 972 2564 cauifcrornm
1000 2505 1180 2567 nostrornm
1206 2499 1249 2568 do

115 2607 200 2676 ville
217 2605 333 2674 Sancti
349 2603 460 2690 Galli,
485 2592 677 2672 connocutis
695 2605 932 2672 commctoneis
949 2610 982 2672 ct
996 2605 1133 2691 uicinis,
1151 2607 1246 2694 ipsis·

114 2736 182 2800 que
206 2714 338 2801 populis
365 2713 521 2781 coniferis
547 2714 669 2782 nestris
695 2714 914 2799 presentibus,
932 2721 1054 2782 terram
1080 2716 1198 2786 Jacobi
1215 2698 1267 2783 ct'

115 2823 279 2913 Grysgon
295 2809 452 2890 nobilium
470 2823 512 2889 de
524 2823 642 2890 Pccbcl
660 2823 811 2890 habitam
822 2823 855 2890 in
876 2822 1025 2911 predicta
1041 2825 1124 2892 villo
1135 2823 1249 2894 Sancti

115 2933 210 3002 Galli
226 2953 301 3000 cum
317 2932 417 3000 terris
443 2929 669 3018 predictorum
695 2931 914 3002 cunifcrorum
940 2938 1121 3000 uestrorum
1138 2934 1247 3002 iucen-

113 3048 186 3110 tem
204 3041 420 3108 communiter
435 3049 537 3125 atquc
554 3041 680 3106 mixtim
697 3059 833 3108 numero
855 3041 1004 3126 iugorum
1023 3041 1247 3128 ducentorum,

114 3157 153 3218 ct
170 3149 342 3218 dimidium
359 3148 578 3214 molendinum
604 3149 857 3232 reumbulasset,
876 3155 907 3214 et
926 3148 1052 3217 eisdem
1068 3150 1247 3238 nobilibus,

113 3259 246 3329 Jacobs
264 3257 420 3326 uidelicet
437 3263 471 3324 ot
487 3256 630 3343 Grisgou
656 3257 898 3326 resmbulatsm
924 3258 1098 3326 statuisset
1116 3265 1149 3326 ct
1164 3259 1247 3328 ossi-

113 3371 257 3458 gnasset
274 3367 364 3434 nullo
390 3365 633 3434 contradictore
659 3384 717 3431 scu
733 3363 937 3454 prohibitore
961 3372 1157 3451 apparente.
1184 3365 1248 3434 Da·

113 3485 186 3545 tum
204 3475 288 3545 feria
305 3473 451 3544 secundo
467 3472 617 3560 proximo
633 3481 711 3563 post
726 3475 935 3544 Dominicom
957 3474 1156 3541 Psimarum.

135 3686 200 3758 (IV.
214 3686 321 3745 Ldszlb
334 3687 428 3761 kirdly
440 3683 616 3761 mogerdsitd
627 3685 841 3761 okmdnydbdl,
855 3687 927 3743 mint
937 3683 1047 3744 fenebb
1062 3687 1123 3746 141.
1137 3704 1177 3744 sn.
1191 3685 1230 3760 s.)

549 4019 822 4031 ‘ont—*-
