3142 5170
610 315 749 422 aaa„

118 510 249 578 tertiam
265 515 395 597 partem
410 510 627 598 perciperetis
644 532 746 597 usque
770 515 813 582 ad
832 517 1004 585 trienninm
1022 529 1236 605 proventuum

118 619 341 706 predictorum
351 617 366 703 ,‘
387 625 421 686 et
437 626 556 688 extunc
572 620 698 690 nullam
713 625 924 710 perciperetis
941 624 1081 714 deipsis
1098 649 1235 715 proven-

117 729 204 798 tibus
220 728 412 815 portionem,
429 729 493 796 nisi
508 721 592 798 infra
617 731 739 799 dietum
755 731 927 799 triennium
944 717 1004 803 uos
1021 754 1122 820 super
1136 737 1199 806 boc
1215 758 1237 805 a

117 836 203 904 Sede
217 835 410 921 Apostolica
426 837 573 905 obtinere
599 841 773 924 contigerit
797 842 937 926 gretiam
963 845 1150 928 specialem.
1168 847 1236 914 Nos

117 950 228 1029 itaque
253 945 403 1012 volentes
419 946 515 1016 robis
531 968 570 1014 ac
587 951 788 1018 monasterio
813 956 923 1018 vestro
949 957 1088 1038 paterna
1114 953 1147 1020 in
1172 954 1237 1021 hae

116 1063 210 1140 parte
227 1053 448 1122 sollicitudine
464 1057 649 1144 providere,
675 1059 795 1127 vestris
822 1059 1118 1146 supplicationibus
1143 1061 1236 1131 inoli-

116 1161 195 1248 nati,
211 1168 249 1229 nt
264 1162 433 1248 premissis
448 1165 537 1232 ueris
554 1166 783 1252 existentibus,
803 1187 868 1234 non
884 1167 1047 1252 obstante,
1059 1171 1146 1254 quod
1161 1190 1234 1258 pre·

116 1273 216 1338 latum
230 1272 415 1357 triennium,
433 1279 469 1340 ut
484 1275 645 1361 asseritis,
662 1284 712 1346 est
728 1278 889 1362 clapsum,
906 1276 1088 1362 predictam
1103 1277 1234 1348 tertiam

116 1383 246 1464 partem
271 1381 365 1449 iuxta
389 1381 576 1450 huiusmodi
602 1382 843 1451 ordinationem
880 1385 962 1452 dicti
986 1383 1235 1473 Arcbiepiscopi

115 1493 276 1572 perpetuo
302 1489 473 1576 percipere
497 1510 537 1558 ac
552 1497 663 1561 tenere
679 1494 782 1562 libere
798 1493 950 1578 valeatis,
967 1495 1164 1562 anctoritate
1180 1515 1233 1563 vo·

115 1594 167 1661 bis
183 1595 383 1681 presentium
400 1597 612 1684 indulgemus.
637 1601 728 1670 Nulli
744 1621 821 1686 ergo
848 1611 910 1669 etc.
937 1609 1048 1669 nostre
1075 1606 1233 1674 concessi-

115 1703 187 1770 onis
212 1709 274 1771 ete.
299 1702 419 1770 Datum
445 1707 566 1776 Tibure
592 1708 633 1776 X.
661 1709 825 1780 kalendas
844 1709 1003 1779 Octobris.
1020 1711 1233 1782 Pontificatns

114 1813 220 1880 nostri
235 1833 323 1882 auno
338 1814 455 1900 primo.

195 2007 257 2079 (IV.
270 2009 416 2068 Honorius
425 2010 504 2085 pdpa
515 2009 712 2086 Regeotdibdl,
727 2011 855 2071 Tbeiner
867 2014 906 2069 id.
917 2031 954 2071 m.
966 2013 987 2070 1.
1001 2013 1029 2069 lr.
1039 2012 1100 2071 353.
1114 2013 1151 2088 l.)

535 2300 806 2314 m*

634 2833 708 2900 lto.

110 3034 225 3100 Marta
239 3031 377 3100 eolcraoa'
390 3031 657 3121 boroaepoarcoay,
681 3031 717 3102 V,
730 3035 839 3099 laada
847 3056 980 3120 mopyor
989 3035 1096 3122 cirely
1104 3037 1228 3123 lodoyco,

111 3142 268 3226 diamari,
294 3141 377 3229 boqy
400 3165 438 3206 aa
463 3142 558 3230 copel
580 3142 733 3229 birdlytdl
755 3145 823 3208 800
846 3145 942 3208 aneto
965 3155 1101 3228 arooyct
1124 3148 1230 3212 ccccm

624 3251 722 3316 1285.

219 3465 389 3535 Vniuersis
405 3473 577 3552 presentes
601 3463 731 3533 litteras
746 3462 944 3550 inspecturis
961 3463 1068 3532 Maria
1083 3463 1152 3531 lilia
1167 3465 1228 3532 Re-

105 3575 162 3660 gis
178 3573 358 3662 Hungarie‚
375 3575 577 3662 Principisea
592 3572 802 3641 Salernitana
817 3581 851 3639 et
866 3571 1009 3642 Honoris
1019 3573 1137 3640 Montis
1147 3572 1228 3638 San-

107 3685 155 3750 cti
171 3685 290 3769 Angeli
306 3681 448 3750 Domina
465 3683 603 3750 salutem
619 3682 653 3748 in
669 3701 719 3762 eo,
736 3682 792 3766 qui
808 3685 859 3750 est
875 3684 1016 3749 omnium
1032 3699 1111 3750 vera
1126 3679 1228 3748 salus.

104 3793 290 3879 Noueritis,
307 3793 395 3877 quod
411 3811 471 3860 uos
487 3791 731 3880 presentialiter
741 3791 920 3875 recepimus
930 3798 963 3858 et
979 3789 1153 3859 babuimus
1169 3809 1230 3878 per

103 3923 229 3972 manns
246 3903 472 3988 religiosorum
490 3901 630 3969 virorum
646 3899 786 3969 fratrum
802 3901 952 3988 Hugonis
968 3902 1010 3968 de
1026 3901 1149 3970 Sancto
1160 3901 1229 3970 Ed·

103 4011 232 4081 mundo
248 4011 370 4079 Prioris
394 4011 529 4078 fratrum
545 4009 792 4079 Predioatorum
808 4007 1072 4096 (ibelmerfordie
1090 4016 1123 4076 et
1138 4010 1227 4078 Wal-

102 4121 171 4186 teri
197 4119 239 4188 de
256 4118 435 4208 Seggefeld
462 4117 608 4206 ejusdem
635 4119 760 4188 ordinis
776 4119 818 4185 ab
836 4117 1124 4188 Excellentissimo
1139 4117 1232 4188 Prin-

103 4229 186 4316 cipe
200 4227 334 4298 domino
351 4228 552 4297 Hondoardo
569 4227 631 4295 Dei
648 4229 762 4314 gracia
777 4229 901 4298 Illustri
917 4231 1007 4312 Rege
1024 4228 1151 4316 Augila,
1169 4248 1229 4297 ca·

100 4338 240 4406 rissimo
255 4338 501 4422 consanguineo
518 4343 641 4420 nostro,
661 4336 864 4422 octingentas
881 4338 997 4406 uncias
1013 4339 1086 4404 anri
1107 4337 1230 4423 ponde·

99 4450 152 4517 ris
179 4447 347 4533 generalis
371 4467 432 4532 pro
468 4446 582 4513 valore
608 4445 743 4513 duorum
777 4447 914 4513 millium
940 4446 1097 4514 librarum
1123 4443 1229 4512 'l'uro-

98 4558 256 4624 neneium
283 4575 324 4622 ex
350 4553 437 4624 dono
463 4555 554 4622 iacto
581 4553 750 4622 carissimo
767 4555 894 4624 domino
910 4563 944 4623 et
960 4555 1101 4625 consorti
1116 4559 1229 4622 nostro

97 4663 252 4750 Principi
268 4681 328 4749 per
344 4661 493 4730 Inclitnm
516 4661 637 4748 Regem
664 4663 783 4748 Anglie
809 4663 1039 4752 supradictum.
1066 4663 1105 4730 ln
1133 4661 1228 4750 eujus
