3116 5166
607 271 763 376 Ari,

114 471 285 556 expediat,
304 469 434 554 etquid
452 472 561 555 operis
577 471 725 558 impendi
742 469 864 540 debeat
876 471 964 538 circa
975 473 1094 561 ipsum,
1111 485 1145 542 nt
1161 477 1251 545 illins

112 578 185 646 fulti
214 576 383 664 presidio,
411 579 503 646 cuius
524 586 601 647 sunt
616 589 704 646 terre
721 580 886 664 cardines,
905 582 1123 665 cogitationes
1139 584 1251 653 homi·

111 708 187 756 num
204 691 441 774 preparantur,
459 687 580 772 quique
597 688 729 756 fortium
756 707 854 756 meos
880 697 1021 774 superat
1046 697 1080 757 et
1106 691 1252 762 infirmos

113 797 230 864 robore
249 800 402 882 potenter
418 794 572 881 accingit,
590 795 696 864 nostri
712 800 826 882 partes
843 795 944 863 obicli
961 795 1178 867 salubriteret
1189 803 1251 870 uti-

113 905 189 972 liter
214 921 439 990 exponamus,
465 901 510 968 ad
526 922 568 970 eo
584 904 764 990 presertim,
792 921 856 988 qne
872 903 1028 974 fidelibus
1044 907 1177 994 populis
1193 929 1249 978 ne-

113 1013 261 1081 cessario
294 1009 451 1097 expedire
483 1011 663 1078 viderimus
696 1019 729 1080 et
759 1013 948 1080 noverimus
978 1015 1164 1100 protutura.
1190 1019 1252 1088 Ve-

112 1141 184 1188 rum
210 1123 288 1187 licet
313 1119 476 1186 universis
503 1127 536 1188 et
562 1121 702 1207 singulis
728 1121 918 1206 regionibus
944 1121 1017 1190 Deo
1045 1130 1078 1190 et
1112 1125 1251 1213 Aposto-

112 1232 177 1296 licc
193 1229 275 1298 Sedi
300 1227 430 1295 devotis
457 1230 603 1298 savorem
629 1229 867 1316 Apostolioum,
889 1231 1042 1315 quotiens
1066 1237 1252 1304 necessitas

110 1338 256 1423 ingmit,
282 1338 477 1424 impendere
502 1343 694 1424 teneamur,
721 1355 845 1421 nosque
876 1339 918 1404 ad
935 1359 994 1407 eas
1010 1344 1122 1410 nostre
1146 1345 1251 1412 consi-

112 1445 299 1516 derationis
325 1445 549 1514 diffundamus
575 1447 745 1532 intuitum,
780 1467 867 1514 nunc
901 1455 1012 1516 tamen
1036 1434 1159 1519 nobilis
1189 1453 1251 1518 Re-

110 1556 172 1640 gni
197 1553 343 1636 Ungarie
379 1557 601 1624 necessitates
640 1555 833 1640 Apostolice
861 1555 944 1624 Sodi
976 1557 1165 1642 frequenter
1197 1578 1252 1626 ex·

109 1664 243 1749 positas
269 1663 524 1750 precordialiter
556 1663 738 1746 intuemur,
764 1663 900 1732 auditas
928 1667 1122 1752 recolimus,
1139 1673 1171 1733 et
1186 1685 1251 1733 non

111 1775 186 1839 sine
213 1772 324 1839 cordis
349 1772 570 1840 amaritudine
596 1775 707 1858 sepius
739 1772 1008 1858 contemplamur.
1030 1773 1252 1842 Oondolemns

111 1881 202 1948 enim
218 1879 427 1946 tumultuosis
455 1881 598 1948 motibus
624 1887 657 1946 et
674 1880 841 1949 seditiosis
858 1879 1052 1950 tumultibus
1076 1881 1178 1969 illius,
1196 1885 1251 1969 qui

110 1988 165 2056 rel
185 2007 246 2073 per
261 1986 405 2054 dissidia
421 1988 643 2057 simulctatum
661 1989 855 2056 alterutrum
883 1987 1062 2075 dissident,
1089 1992 1142 2058 vel
1168 2011 1249 2060 con·

112 2117 251 2184 gressus
267 2103 395 2165 mutuos
412 2101 445 2162 et
461 2095 551 2163 bella
575 2099 651 2184 plus
677 2117 775 2182 quam
802 2097 915 2164 civilia
939 2098 1128 2165 immaniter
1154 2101 1251 2168 colli-

113 2207 245 2274 duntur.
270 2205 321 2271 Ex
347 2205 466 2288 quibus
494 2205 580 2273 inter
597 2206 676 2288 alia,
695 2203 781 2272 dono
797 2206 891 2292 pacis
911 2205 1102 2274 mortalibus
1123 2208 1250 2276 cunctis

113 2313 296 2382 accomodo
312 2313 427 2380 libello
444 2313 525 2381 dato
546 2312 682 2398 repudii,
699 2311 845 2395 graviter
862 2313 980 2380 solium
997 2313 1121 2398 Regale
1139 2313 1249 2401 depri-

114 2424 222 2506 mitur,
241 2421 378 2504 einsque
403 2420 560 2506 depresso
585 2421 746 2504 regimine
771 2442 837 2489 non
862 2422 967 2490 solum
993 2421 1028 2488 in
1044 2423 1159 2506 Regno
1175 2423 1250 2509 ipso

114 2534 291 2599 varanna
306 2530 395 2598 bona
409 2529 563 2613 fidelium,
584 2530 643 2599 sed
660 2529 732 2596 iura
747 2529 972 2596 Ecclesiarnm
991 2535 1024 2596 et
1045 2529 1184 2596 aliorum
1200 2531 1249 2616 pi-

115 2659 209 2707 orum
232 2641 377 2706 locorum
402 2637 437 2706 in
454 2637 675 2723 direptionem
701 2639 860 2722 veniunt,
886 2643 918 2704 et
935 2637 1076 2704 libertas
1094 2635 1250 2706 ecclesia-

115 2747 204 2816 stioa
229 2747 489 2832 dampnabiliter
513 2747 744 2834 conculcatur;
771 2747 953 2812 animarum
983 2763 1113 2828 quoque
1137 2745 1250 2814 subse-

116 2863 234 2924 cuntur
249 2855 455 2941 deploranda
471 2855 628 2942 pericula,
646 2853 793 2921 nefanda
817 2873 963 2939 persona
972 2871 1042 2919 rum
1061 2851 1201 2938 excidia,
1218 2861 1251 2921 et

116 2967 185 3032 alia
201 2965 272 3031 lere
288 2963 460 3031 innumera
486 2963 691 3031 detrimenta.
708 2961 817 3040 Quare
834 2981 900 3027 non
917 2962 959 3026 im
966 2961 1085 3028 merito
1100 2959 1249 3029 accendi·

116 3083 169 3141 tur
185 3074 278 3140 aelus
295 3077 409 3140 noster
418 3121 428 3156 ,
456 3079 489 3138 ct
505 3071 591 3156 ignis
607 3071 642 3137 in
658 3076 769 3137 nostre
783 3069 1008 3136 meditationis
1026 3067 1250 3136 anxietatibus

117 3181 326 3264 exardescit,
345 3180 487 3262 dumque
504 3177 758 3264 cogitationibus
774 3176 949 3262 profundis
965 3175 1199 3260 immergimur,
1218 3179 1252 3241 et

117 3289 297 3358 laboriosis
322 3287 448 3374 vigiliis
474 3286 672 3371 fatigamur,
689 3290 863 3368 querentes
888 3282 988 3349 anxie
1004 3289 1201 3370 oportunum
1216 3283 1250 3349 in

118 3407 209 3466 tante
225 3394 441 3465 necessitatis
457 3385 598 3464 articulo
615 3393 794 3462 remedium
811 3391 991 3458 adbibere:
1018 3390 1097 3458 lieet
1120 3389 1250 3457 deside·

117 3527 225 3574 remus
250 3505 433 3587 interdum,
460 3503 591 3588 quodsi
608 3521 680 3569 cnm
697 3499 820 3570 bonore
837 3500 899 3568 Dei
915 3505 947 3567 et
964 3499 1125 3585 Ecclesia,
1141 3519 1181 3566 ac
1197 3519 1249 3566 sa·

120 3614 205 3682 lubri
229 3621 320 3681 statu
346 3623 530 3682 ceterorum
555 3611 700 3679 fidolium
717 3613 863 3676 nostram
880 3625 1054 3694 possemus
1073 3606 1143 3674 illic
1160 3605 1250 3674 exhi·

120 3724 195 3790 bere
212 3723 412 3809 presentiam
427 3771 436 3805 ,
463 3727 496 3787 et
511 3739 575 3804 quo
593 3725 700 3786 mente
716 3715 867 3799 lenimur,
884 3715 932 3781 ibi
947 3713 1169 3801 personaliter
1184 3717 1250 3782 exi-

119 3839 245 3899 stentes
263 3832 387 3898 Divina
413 3830 485 3898 fulti
511 3827 660 3916 potentia
678 3846 737 3916 per
753 3824 955 3894 evidentiam
973 3822 1083 3910 operis
1100 3822 1253 3910 proprios

120 3940 360 4026 explicaremus
376 3939 535 4023 affeetns3
562 3943 808 4020 verumtamen,
826 3933 903 4016 quia
926 3931 962 3998 id
978 3932 1122 3999 conditio
1138 3938 1252 4000 nostra

119 4067 183 4116 non
193 4047 333 4134 patitur,
344 4047 422 4130 quia
437 4045 658 4131 ingruentium
675 4043 819 4126 undique
828 4039 1035 4126 negotiorum
1044 4036 1249 4108 immensitas

120 4156 190 4224 sire
207 4155 357 4223 uarietas
372 4175 437 4223 non
448 4153 616 4238 permittit,
634 4151 677 4218 ad
689 4151 910 4219 venerabilem
920 4150 954 4217 in
964 4149 1095 4219 Christo
1105 4147 1250 4230 tratrem,

120 4265 309 4350 Philippum
327 4264 528 4351 Episcopum
545 4263 744 4341 Firmanum,
761 4267 798 4326 ut
814 4260 930 4330 fortem
949 4260 1117 4325 mittamus
1132 4257 1176 4325 ad
1188 4256 1246 4324 tor·

120 4373 186 4458 tia,
203 4380 237 4439 et
261 4373 335 4457 ejus
351 4371 493 4442 robustis
519 4372 663 4439 humeris
681 4390 781 4438 onera
797 4367 937 4455 grandia
953 4369 1157 4454 imponamus
1166 4413 1176 4448 ,
1193 4384 1250 4432 no·

120 4487 189 4547 stre
205 4482 427 4548 convertimus
439 4480 689 4550 deliberationis
716 4479 880 4562 intuitum,
900 4483 933 4544 et
948 4479 981 4541 in
998 4493 1128 4542 suarum
1145 4471 1250 4538 consi-

119 4587 325 4662 derationem
351 4588 469 4658 virtum
503 4587 724 4662 habuntanter
750 4587 780 4653 ei
805 4605 827 4657 a
851 4583 993 4656 Domino
1019 4595 1248 4651 concessurum
