3116 5166
608 325 764 434 ji„

124 528 290 610 volentes,
316 533 355 594 ut
377 527 489 596 omnia
514 527 749 612 instromenta,
776 527 830 593 nel
856 526 984 609 littere,
1011 525 1039 592 si
1060 543 1125 606 qne
1141 523 1249 589 medio

123 644 272 720 tempore
297 654 397 721 snper
422 635 603 702 ooitaoione
619 633 765 700 eiusdem
783 641 867 700 terre
884 641 999 701 eontra
1014 633 1105 718 ipsos
1120 651 1248 717 proees-

124 743 256 828 sissent,
274 745 400 810 niribns
415 753 552 810 oareant
568 750 599 810 et
619 745 736 810 inanes
753 742 883 830 penitus
901 743 1090 824 habeantur,
1107 741 1249 807 nbioum-

123 871 187 934 qne
210 852 243 917 in
271 853 379 920 locem
405 852 536 937 prodite
558 853 689 936 inerint,
707 852 759 918 nel
776 853 939 920 hostense.
957 853 994 918 ln
1011 850 1104 916 onius
1119 850 1168 917 rei
1183 867 1249 914 me·

122 957 257 1028 moriam
274 965 309 1026 et
323 967 517 1045 perpetuam
542 961 748 1042 firmitatem,
775 966 946 1046 presentes
962 961 1182 1028 concessimus
1198 956 1248 1022 lit·

123 1081 210 1136 teras
227 1069 390 1154 dupplieis
407 1069 509 1153 sigilli
526 1068 628 1138 nostri
646 1069 822 1136 munimine
838 1071 1018 1138 roboratas.
1044 1069 1163 1134 Datum
1189 1085 1248 1152 per

124 1197 240 1248 manns
259 1180 458 1248 venerabilis
475 1179 557 1263 viri,
573 1179 720 1262 magistri
736 1180 927 1262 Benedicti,
944 1181 1064 1248 Sanete
1090 1177 1247 1260 Strigoni·

123 1287 212 1354 ensis
228 1287 379 1355 Eoolesio
396 1288 512 1372 litanti,
526 1286 689 1354 Budensis
706 1288 877 1372 Propositi,
894 1294 927 1354 ot
943 1288 1018 1354 nole
1034 1292 1147 1353 nostre
1156 1285 1247 1351 Vioe·

123 1394 344 1482 Ganoellarii,
362 1397 476 1464 dilecti
493 1405 526 1463 et
542 1395 648 1463 fidelis
674 1396 796 1480 nostri,
823 1416 910 1464 anno
926 1395 1058 1463 Domini
1079 1393 1249 1462 millesimo

121 1502 345 1571 ducentesimo
370 1505 614 1592 septuagesimo
644 1511 759 1586 sexto,
779 1504 884 1590 Regni
916 1511 1024 1571 antem
1042 1503 1144 1571 nostri
1160 1523 1247 1569 anno

122 1619 250 1693 quarto.

226 1809 338 1876 Jrgyaot.
351 1807 487 1864 Eredetie
497 1805 755 1880 btirhrlrtyinmael.
772 1809 841 1879 12¹4
856 1809 886 1862 d.
902 1808 1055 1875 htiv.,mng.
1069 1801 1119 1873 5¹!²
1132 1805 1158 1860 d.
1169 1805 1247 1874 hiim,

120 1896 232 1968 melyen
246 1915 264 1951 a
276 1897 370 1970 kirtly
383 1897 472 1971 filggti
485 1895 614 1969 paesetje
628 1895 694 1968 meg
709 1916 775 1970 meg
788 1916 862 1968 van,
887 1895 1073 1968 Ondrejovits
1088 1891 1193 1978 Ltszlt')
1214 1892 1248 1950 tir

117 1984 326 2046 leveltdrtlban.
338 1989 424 2044 Koati
444 1990 526 2058 lsjaltl
542 1988 652 2056 ttottnyi
666 1990 788 2044 Ferenti.

554 2275 613 2284 ...a-..-
620 2275 809 2282 ----.----....

654 2831 714 2899 so.

109 3033 159 3094 Aa
188 3030 375 3115 anatot-qemi
399 3029 585 3094 keresztaselo
620 3031 845 3116 iconaeatjeoelo
860 3031 1141 3120 bizooyndyleoele‚
1167 3031 1245 3118 troyy
1351 3039 1352 3042 ’

104 3135 252 3205 &moon
266 3139 300 3202 e'o
314 3137 422 3202 Jatat
439 3141 587 3204 treneaioi
603 3139 835 3226 odrjobba'gyolo
859 3141 1019 3228 Dobrtieze
1045 3143 1125 3205 nevit
1148 3142 1243 3206 hirto·

209 3245 313 3310 ltaltot
327 3243 495 3311 Oltltootoo
510 3245 650 3333 yrofoat
666 3251 697 3312 e'a
712 3249 888 3314 otridoinole
904 3251 1040 3316 eladtttlr.
1059 3252 1155 3316 1276.

225 3462 345 3528 Frater
361 3463 479 3530 Petrus
495 3463 657 3548 Magister
674 3471 707 3529 et
721 3463 909 3532 Contentus
925 3463 1167 3533 Ornoiterornm
1185 3467 1242 3532 Ee-

104 3570 224 3638 elosie
256 3570 371 3638 Sancti
386 3572 486 3656 Regis
502 3573 663 3658 Stephani
685 3574 726 3641 do
751 3574 915 3660 Strigonio
933 3575 1094 3642 universis
1110 3595 1242 3660 presen-

96 3685 154 3748 tea
185 3677 324 3746 litteras
348 3679 545 3764 inspeoturis
562 3682 701 3751 salntem
728 3683 761 3750 in
778 3681 917 3751 Domino
933 3683 1173 3770 sempiternam.
1191 3685 1243 3751 Ad

91 3789 343 3855 uniuersorum
352 3787 510 3860 notitiam
524 3781 594 3857 ‘tam
613 3790 819 3876 presentium
830 3809 926 3876 quam
937 3792 1116 3860 futurorum
1126 3793 1243 3862 harnm

92 3896 196 3963 serie
217 3894 368 3966 volumus
384 3900 557 3980 pervenire
573 3923 580 3964 :
598 3899 693 3980 Quod
703 3902 843 3969 Samson
853 3908 885 3968 et
901 3900 1044 3968 laoobns
1060 3900 1118 3968 lilii
1128 3903 1245 3989 Ohopk

89 4004 249 4074 nobiles
271 4002 471 4088 jobagiones
495 4004 604 4076 (tastri
629 4009 672 4076 de
687 4007 886 4076 Tronohinio
905 4007 950 4076 ad
967 4016 1113 4078 nostram
1130 4031 1244 4097 porso-

84 4114 236 4182 naliter
250 4110 670 4198 aonedentos.preseneiam
686 4115 839 4184 dixerunt
848 4105 1037 4186 et'oontessi
1052 4125 1242 4202 suntquam-

83 4225 180 4292 dam
200 4219 454 4307 possessionem
479 4223 626 4308 ipsorum
655 4225 825 4294 Dnbnieze
840 4231 992 4294 vonatam
1008 4245 1081 4294 oum
1098 4229 1166 4296 suis
1181 4230 1241 4293 uti·

80 4329 264 4402 litatibns
280 4335 314 4394 et
329 4329 538 4413 pertinentiis
554 4331 789 4402 hereditariam
806 4335 840 4400 in
857 4334 1019 4402 comitatu
1035 4335 1183 4422 ejusdem
1201 4335 1250 4400 de·

77 4435 312 4508 Tremohinio
329 4439 544 4527 existentem,
561 4441 613 4508 eni
631 4443 775 4510 eoeleste
798 4441 936 4510 tundata
952 4451 1002 4512 est
1027 4446 1059 4510 in
1086 4443 1240 4512 honorem

76 4547 201 4621 Beati
236 4545 358 4613 Joeobi
371 4549 540 4632 Apostoli,
565 4548 757 4619 vendidisse
773 4550 1008 4637 quinquaginta
1024 4551 1142 4620 mareis
1157 4570 1240 4618 mer·

77 4651 306 4730 cimonialis
332 4656 462 4738 argenti
485 4657 585 4742 plene
609 4657 734 4728 habitis
759 4667 793 4727 ot
818 4661 961 4746 receptis
986 4657 1106 4725 Oomiti
1131 4654 1240 4725 Ottim
