3116 5166
627 295 738 398 Q

118 489 319 579 presentium
335 489 567 560 nichilominus
584 493 804 583 continentes,
823 495 918 567 nobis
935 516 999 564 nou
1015 495 1149 568 differas
1165 495 1242 566 fide-

119 601 238 668 deliter
253 601 412 670 intimare.
422 603 544 670 Datum
560 603 700 671 viterbii
716 605 779 672 III.
795 606 875 675 Idus
890 606 1013 673 Martii.
1030 605 1243 676 Pontificatus
1297 692 1302 705 ἱ

117 711 223 779 nostri
240 731 327 778 anno
343 711 460 800 primo.

117 905 249 980 (Eredoti
270 906 343 968 utdn
364 907 492 966 Tbeiner
512 909 553 968 id.
566 927 602 964 m.
615 909 637 964 l.
654 909 717 969 ket.
729 912 792 968 322.
805 911 825 967 l.
846 909 925 966 Eueu
947 910 1071 987 okmtny
1091 909 1243 972 bisonattt

341 998 406 1060 ldsd
418 999 555 1074 Fojerntl
570 999 639 1058 cod.
652 1002 731 1076 Dipl.
745 1001 781 1059 V.
794 1003 824 1059 k.
837 1004 863 1060 2.
873 1023 896 1064 r.
909 1003 971 1064 423.
985 1003 1017 1081 l.)

544 1291 815 1308 w

652 1831 709 1898 45.

110 2032 139 2096 Ι.
157 2027 291 2115 liudolf
301 2029 520 2094 rdmai-ndmet
535 2029 643 2115 kirtly
669 2027 730 2095 IV.
746 2029 863 2096 Mszld
884 2053 1015 2118 mcpyar
1029 2031 1150 2121 lcirctyt
1167 2031 1240 2120 fcl-

110 2137 258 2226 azdlitja,
285 2137 365 2224 kopp
389 2139 570 2226 reptatptre
595 2137 703 2224 lepycn
728 2139 775 2203 ΙΙ.
803 2139 926 2204 Otalcar
941 2138 1007 2204 caele
1024 2141 1134 2228 kirtly
1150 2144 1240 2210 clleo.

629 2245 725 2308 1277.

221 2439 325 2508 Indue
341 2447 449 2508 mente
466 2443 581 2526 virum,
599 2439 645 2506 lill
662 2461 701 2509 ac
717 2441 805 2509 socie
821 2443 1025 2526 praedilecto
1040 2447 1049 2513 l
1067 2464 1153 2526 ecoe,
1166 2448 1238 2533 jam

109 2551 323 2638 acceptabile
339 2558 467 2637 tempus
483 2550 603 2634 instat,
630 2553 663 2617 in
689 2569 751 2634 quo
778 2551 893 2618 ulcisci
910 2556 1090 2640 poterimus
1107 2559 1239 2624 atroces

107 2661 253 2746 injurius
279 2659 392 2727 callidi
417 2659 542 2726 inimici
557 2659 655 2744 Regis
680 2659 859 2728 Bchemiae
870 2711 879 2746 ,
897 2663 952 2746 qui
967 2659 1044 2730 fidel
1059 2663 1238 2752 pulchritu-

106 2768 191 2835 dine
208 2789 229 2834 a
246 2788 282 2836 se
298 2769 427 2851 longius
453 2770 588 2836 exulata
597 2820 607 2854 ‚
634 2769 742 2836 adbuc
758 2771 906 2838 occultas
923 2779 1038 2839 contra
1053 2791 1114 2841 vos
1132 2781 1163 2840 et
1179 2795 1239 2842 nos

107 2875 320 2944 machinatur
346 2877 485 2944 insidias
516 2877 732 2962 malignandi.
763 2879 931 2964 Exsurgat
962 2881 1061 2966 igitur
1089 2882 1240 2968 princeps

104 2993 322 3072 praepotens,
339 2983 368 3050 si
384 2993 462 3054 acta
477 2985 617 3053 voluerit
632 2987 800 3054 vindicare
810 2989 930 3074 priora,
946 3007 964 3054 e
984 2989 1174 3073 tantiquam
1185 3009 1244 3076 per

104 3093 223 3161 fidiam
240 3093 345 3164 bostis
360 3094 478 3182 perfidi
495 3093 741 3162 admemoriam
758 3104 894 3165 revocet
904 3148 912 3182 ,
929 3117 995 3166 nec
1010 3105 1162 3180 moretur,
1178 3097 1238 3165 sed

103 3203 304 3289 postpositis
329 3203 469 3289 negotiis
501 3203 702 3288 quibuslibet
726 3212 1009 3291 quantumcunque
1037 3206 1169 3290 arduis,
1194 3207 1238 3274 ad

101 3321 217 3380 metas
241 3319 403 3378 terrarum
428 3319 614 3380 nostrarum
638 3315 750 3381 veniat
767 3314 926 3400 indilate;
945 3315 1022 3380 illuc
1040 3315 1126 3380 enim
1141 3315 1237 3382 vobis

101 3421 227 3507 procul
245 3421 333 3488 cmui
349 3418 448 3487 dubio
466 3441 673 3489 occurremus
684 3471 693 3507 ,
720 3421 905 3489 ordinaturi
931 3429 964 3490 et
989 3424 1161 3490 tractaturi
1178 3443 1236 3490 vo·

101 3532 245 3613 biscum,
263 3532 424 3614 quomodo
442 3537 474 3598 et
490 3531 631 3615 qualiter
646 3535 763 3598 contra
780 3531 904 3598 dictum
921 3531 1043 3617 Regem
1054 3531 1236 3601 Bohemiae

102 3642 136 3707 in
156 3637 313 3724 praelato
331 3639 463 3725 negotio
480 3640 659 3724 procedere
676 3640 868 3708 debeamus.
894 3641 937 3707 Et
951 3647 987 3707 ut
1003 3639 1048 3707 ad
1063 3659 1140 3709 suus
1156 3638 1236 3708 ulci-

101 3748 269 3818 scendum
285 3749 425 3834 injurias
441 3769 508 3816 uua
524 3749 690 3815 nobiscum
707 3755 820 3816 vestra
831 3753 977 3835 potestas
988 3749 1093 3833 Regia
1108 3747 1235 3816 lervon·

101 3859 173 3924 tius
191 3859 366 3944 animetur,
382 3858 416 3923 in
432 3855 520 3924 illius
536 3858 660 3924 amicae
678 3858 847 3925 societatis
860 3864 892 3924 et
907 3855 1078 3926 filialitatis
1093 3856 1235 3941 vinculo,

100 3987 172 4052 quo
202 3965 431 4060 'conjungimpr
441 4017 450 4050 ,
465 3986 525 4033 vos
541 3983 729 4050 monemus,
746 3971 781 4031 ut
795 3967 839 4033 ad
855 3967 1043 4052 praedictas
1059 3973 1166 4038 metas
1182 3986 1237 4034 ve-

99 4083 180 4142 stra
197 4071 445 4158 Magnificentia
470 4075 601 4159 veniat,
618 4081 651 4142 et
666 4094 732 4142 non
749 4075 880 4162 tardet,
898 4095 959 4144 nee
974 4096 995 4143 a
1011 4075 1100 4143 lelici
1117 4075 1233 4142 unione

99 4189 246 4252 nostrae
263 4179 427 4252 amicitiae
444 4182 631 4270 resipiscat.

159 4379 331 4453 (Bodmanu
342 4378 380 4435 id.
394 4395 430 4434 m.
442 4379 487 4436 to.
497 4381 516 4436 1.
538 4379 574 4438 V.
588 4385 614 4438 ὃ.
627 4379 719 4451 Fejdr.
733 4379 802 4438 coe.
813 4381 893 4456 Dipl.
908 4381 943 4440 V.
956 4381 984 4438 k.
997 4380 1023 4437 2.
1036 4397 1058 4437 r.
1071 4382 1132 4438 820.
1146 4377 1178 4450 l.)

541 4651 813 4672 m
