3116 5166
342 529 421 600 licto
439 527 682 616 dampnationis
699 531 898 599 sententiam
914 527 1104 614 incurrisse,
1123 549 1216 597 suum
1233 529 1389 599 dilectum
1401 531 1469 597 uni·

344 639 489 724 genitum
515 639 772 709 misericorditer
797 639 830 704 in
856 640 1009 707 mundum
1036 659 1097 724 pro
1114 638 1218 724 ipsius
1239 639 1468 728 redemptione

342 749 457 833 populi
482 747 683 831 destinavit,
709 747 763 830 qui
791 766 925 814 carnem
949 754 1061 814 nostre
1087 747 1296 814 mortalitatis
1324 749 1469 836 indutus,

342 856 483 924 eundem
508 855 666 942 populum
694 856 736 923 ab
762 861 876 925 eterno
905 857 1048 923 cruciatu
1066 857 1181 924 mortis
1198 855 1351 944 eriperet,
1370 864 1403 926 et
1418 880 1468 926 re·
1548 903 1549 944 3

341 966 511 1050 demptum
536 983 596 1033 suo
624 964 772 1054 pretioso
800 964 962 1052 sanguine
979 965 1136 1034 salvaret.
1153 963 1223 1032 Nos
1240 964 1341 1064 igitup
1356 969 1390 1034 in
1406 969 1469 1035 hae

344 1076 489 1142 terrestri
507 1073 626 1160 patria,
646 1079 809 1156 quatenus
826 1076 1011 1159 possimus,
1028 1080 1229 1158 exequentes
1245 1076 1335 1144 vices
1352 1077 1465 1161 ipsius,
1548 1073 1549 1148 j

344 1184 492 1250 levamus
506 1181 616 1267 uigilis
633 1200 724 1249 more
741 1183 886 1265 pastoris
912 1189 980 1249 tam
998 1202 1174 1268 corporeos
1191 1202 1288 1266 quam
1305 1187 1467 1253 mentales
1548 1179 1549 1232 ἒ

345 1291 459 1361 oculos
484 1292 519 1358 in
536 1290 691 1376 circuitu,
707 1291 831 1370 visuri,
850 1288 928 1375 quid
953 1291 1047 1376 gregi
1064 1293 1239 1360 commisso
1255 1292 1352 1358 nobis
1370 1313 1466 1377 expe·
1548 1351 1549 1376 2

346 1398 426 1484 diat,
444 1405 478 1464 ct
494 1396 572 1480 quid
588 1399 696 1484 operis
713 1397 856 1484 impendi
873 1399 994 1467 debeat
1010 1399 1097 1466 cirea
1108 1400 1224 1488 ipsum,
1237 1407 1274 1467 ut
1289 1400 1380 1468 illins
1396 1401 1467 1468 fulti
1548 1411 1549 1448 ³

342 1505 499 1592 presidio,
517 1504 607 1572 cuius
624 1511 700 1573 sunt
716 1511 803 1571 terre
820 1506 984 1589 cardines,
1003 1504 1058 1572 eui
1069 1507 1290 1591 cogitatione
1300 1509 1466 1576 bominum
1548 1593 1549 1600 ἵ

342 1621 572 1700 preparantur,
590 1613 710 1697 quique
728 1613 858 1680 sortium
876 1632 974 1681 arcus
985 1622 1128 1700 superat,
1141 1621 1175 1680 et
1191 1615 1334 1682 infirmos
1351 1617 1466 1685 robore
1548 1651 1549 1654 ¹

343 1729 495 1809 potenter
510 1721 663 1806 accingit,
680 1721 782 1787 nostri
798 1728 910 1808 partes
924 1720 1023 1788 officii
1040 1723 1221 1789 salubriter
1231 1731 1265 1793 et
1275 1725 1402 1792 utiliter
1418 1745 1465 1791 ex-

343 1849 522 1917 ponamus,
548 1829 594 1895 ad
619 1849 660 1895 ea
675 1829 857 1913 presertim,
875 1847 938 1912 que
955 1827 1108 1896 fidelibus
1124 1831 1255 1916 populis
1272 1834 1461 1901 necessario
1548 1833 1549 1836 ’

345 1937 501 2025 expedire
519 1937 705 2020 viderimus,
724 1942 757 2002 et
773 1939 960 2007 noverimus
977 1937 1159 2022 profutura.
1180 1939 1301 2006 Verum
1313 1940 1464 2007 licetuni-

346 2048 451 2116 versis
479 2055 511 2112 et
536 2045 677 2130 singulis
694 2047 884 2130 regionibus
900 2047 972 2112 Deo
990 2051 1024 2112 et
1038 2046 1227 2131 Apostoliee
1244 2047 1324 2114 Sedi
1341 2048 1464 2116 devotis
1548 2031 1549 2034 ¹

343 2155 491 2223 favorem
501 2153 887 2240 Apostolicum,quotieus
898 2154 1081 2221 necessitas
1092 2155 1415 2242 ingruit,impendere
1425 2165 1464 2223 te

346 2282 501 2349 neamur,
528 2281 654 2345 nosque
682 2261 724 2327 ad
751 2267 937 2329 essuostre
958 2260 1465 2333 considerationisdiffundamur

344 2372 513 2457 intuitum,
539 2388 625 2438 nunc
641 2377 753 2437 tamen
770 2370 891 2436 nobilis
901 2370 1008 2455 Regni
1019 2369 1133 2436 Serrie
1154 2372 1373 2441 necessitates
1386 2373 1464 2460 Apo·

345 2479 460 2546 stoliee
486 2479 582 2546 Sedis
606 2477 794 2563 frequenter
819 2480 990 2565 expositas
1015 2479 1267 2566 precordialiter
1297 2483 1464 2564 intuemur,

343 2583 475 2656 auditas
501 2587 693 2671 recolimus,
720 2595 754 2654 et
784 2609 850 2655 non
875 2591 947 2656 sine
974 2587 1083 2657 cordis
1109 2587 1331 2656 amaritudine
1359 2591 1464 2676 sepius

344 2698 625 2783 comtemplamur.
643 2695 862 2764 Gondolemus
879 2699 966 2764 eninr
982 2695 1190 2765 tumultuosis
1212 2697 1355 2764 motibus
1373 2705 1405 2766 et
1419 2717 1464 2765 re·

345 2805 474 2872 ditiosis
500 2805 691 2873 tumultibus
727 2804 815 2872 illius
827 2857 837 2892 ,
864 2805 920 2890 qui
949 2803 1002 2872 rel
1019 2823 1077 2890 per
1093 2804 1234 2873 dissidia
1251 2805 1465 2874 simulctatum

344 2913 538 2980 alterutrum
564 2911 746 2997 dissident,
770 2911 823 2979 vel
850 2933 1044 2998 congressus
1070 2921 1199 2980 mutuos
1224 2919 1257 2978 et
1282 2914 1373 2980 bella
1397 2914 1466 3002 plus

343 3039 443 3104 quam
460 3019 572 3088 civilia
588 3021 774 3088 immaniter
784 3021 989 3112 colliduntur,
1002 3043 1043 3090 ex
1060 3024 1180 3107 quibus
1196 3021 1282 3090 inter
1293 3024 1372 3108 alia,
1383 3024 1464 3091 dono

345 3131 438 3217 pacis
455 3129 646 3196 mortalibus
665 3131 788 3196 cunctis
806 3131 983 3198 accomodo
1010 3131 1121 3200 libello
1138 3129 1215 3197 dato
1231 3131 1370 3218 repudii,
1389 3152 1465 3216 gra-

343 3241 427 3307 ritcr
452 3239 569 3306 solium
595 3239 718 3323 Regale
746 3239 949 3326 deprimitur,
979 3242 1115 3325 eiusque
1130 3242 1290 3326 depresso
1307 3241 1462 3325 regimine

343 3369 408 3414 non
434 3347 539 3416 solum
565 3347 599 3412 in
624 3347 739 3429 Regno
764 3350 835 3434 ipso
859 3353 1031 3416 vastantur
1047 3350 1132 3415 bona
1147 3347 1302 3434 fidelium,
1319 3347 1381 3416 sed
1397 3347 1466 3416 iura

344 3455 567 3526 Ecclesiarum
584 3463 618 3523 et
633 3455 771 3523 aliorum
788 3457 914 3542 piorum
930 3456 1074 3524 locorum
1091 3455 1126 3524 in
1143 3457 1361 3544 direptionem
1382 3457 1467 3524 reni-

343 3573 411 3649 nnt,
428 3572 462 3632 ct
479 3565 613 3632 libertas
631 3565 861 3633 ecclesiastica
881 3565 1139 3652 dampnabiliter
1156 3567 1385 3650 conculcatur;
1403 3565 1469 3632 ani-

347 3691 472 3740 marum
498 3691 628 3758 quoque
653 3673 871 3740 subsecuntur
898 3672 1103 3757 deploranda
1127 3673 1299 3761 pericula,
1326 3673 1468 3741 nefanda

346 3801 558 3867 personarum
576 3782 717 3862 excidia,
733 3789 766 3847 et
783 3783 851 3849 alia
866 3781 934 3849 iere
951 3782 1122 3848 innumera
1139 3780 1348 3848 detrimenta.
1360 3782 1466 3860 Quare
1548 3853 1549 3856 Ἴ

345 3909 409 3957 non
428 3891 587 3956 immerito
614 3889 806 3957 accenditur
830 3889 919 3958 zelus
935 3895 1056 3974 noster,
1077 3893 1111 3956 et
1126 3889 1212 3974 ignis
1230 3890 1263 3956 in
1279 3900 1391 3957 nostre
1408 3909 1471 3954 me·

346 3995 516 4064 dilationis
547 3996 773 4065 anxietatibus
800 3997 1009 4081 exardescit,
1037 3999 1180 4080 dumque
1215 3998 1471 4084 cogitationibus

344 4101 515 4188 profundis
540 4104 816 4188 immergimur-et
840 4105 1016 4172 laboriosis
1041 4105 1165 4188 vigiliis
1183 4103 1372 4190 fatigamur,
1391 4123 1470 4188 que·
1548 4103 1549 4194 ξ

345 4217 456 4278 rentes
483 4213 581 4278 auxio
607 4219 801 4297 oportunum
828 4214 860 4278 in
878 4219 969 4281 tante
986 4215 1194 4281 necessitatis
1211 4215 1353 4281 eruente
1369 4233 1472 4282 reme·

346 4319 434 4384 dium
452 4317 629 4385 adhibere:
646 4319 724 4387 lieet
740 4319 966 4390 desideremus
984 4321 1161 4406 interdum,
1179 4323 1266 4406 qnod
1284 4324 1313 4390 si
1330 4342 1407 4390 eum
1418 4323 1472 4392 bo·

345 4445 426 4494 nore
440 4423 503 4490 Dei
520 4445 562 4492 ae
576 4427 727 4496 Ecclesia
744 4428 866 4496 salubri
877 4436 966 4497 statu
978 4437 1158 4497 ceterorum
1170 4427 1311 4497 fidelium
1325 4437 1473 4499 nostram

345 4551 518 4618 possemus
543 4534 612 4602 illic
638 4535 793 4604 exhibere
817 4538 1041 4624 presentiam,
1060 4544 1099 4606 et
1116 4556 1180 4621 quo
1197 4545 1306 4606 mente
1322 4537 1469 4622 ferimur,
1548 4569 1549 4644 p

1548 4645 1549 4680 l

344 4639 390 4706 ibi
415 4643 635 4728 personaliter
659 4644 850 4729 existentes,
866 4643 989 4712 Divina
1005 4643 1079 4712 iulti
1095 4645 1242 4734 potentia
1259 4663 1319 4734 per
1337 4645 1474 4714 criden·
1548 4683 1549 4748 j
