3116 5166
561 298 710 398 „1-02„

74 491 214 560 oninsvis
239 491 419 560 indiesntis
444 491 600 562 indnoere
629 500 663 561 et
677 513 743 560 non
758 491 877 560 leviter
892 490 1035 562 enimnm
1052 498 1199 564 nostrum

74 600 269 688 informent,
286 599 501 687 eleetionem,
517 621 583 686 qne
598 602 640 670 (le
656 603 729 688 ipso
756 600 928 687 Proposito
953 601 1044 671 isole
1067 602 1199 699 dieitur,

74 727 115 774 ne
136 706 265 795 preists
291 708 444 778 Eoolesis
460 709 697 796 strigoniensis
723 709 845 778 (lintius
870 714 985 795 petest
1009 711 1198 780 veootionis

1 883 2 890 ἵ
74 815 271 899 inoomodis,
299 815 357 882 sed
382 835 441 902 per
466 814 687 900 provisionem
712 815 818 902 ipsius
844 817 945 884 etiem
970 817 1113 906 sepsisti
1137 819 1198 886 Re·

1 915 2 920 ’
72 924 128 1008 gni
156 923 304 1012 Ungarie
338 923 523 1009 dispendiis
564 931 758 1010 ooourntnr,
801 943 990 1008 cassamus,
1023 926 1199 1010 irritemus,

72 1051 200 1102 oensem
224 1041 257 1102 et
280 1031 405 1102 irritem
431 1034 647 1118 nnneismns;
679 1042 712 1100 et
738 1033 877 1119 prelatis
902 1032 1007 1120 ipsius
1032 1033 1198 1120 Propositi

73 1142 339 1227 procuratoribus
366 1143 439 1214 eius
463 1143 619 1228 nornine,
645 1161 686 1209 so
710 1142 776 1230 ipsi
801 1143 974 1227 Preposito
990 1161 1049 1230 per
1065 1141 1200 1212 eosdem

75 1257 267 1337 perpetuum
292 1253 455 1320 silentium
472 1253 671 1341 imponimus
687 1271 786 1337 super
801 1253 871 1322 ille.
889 1253 1039 1321 Ceterum
1056 1270 1127 1322 enm
1144 1271 1200 1338 po·

79 1359 211 1429 stolatio
236 1380 302 1428 non
328 1366 397 1426 tem
410 1360 493 1444 iuri,
512 1381 610 1443 quern
627 1363 732 1444 gretie
748 1361 916 1443 innitatur,
932 1360 1200 1445 postulationem,

75 1485 135 1550 qne
161 1468 204 1536 de
232 1465 322 1538 dioto
349 1468 590 1554 vesprimiensi
618 1469 782 1554 llpioopo
796 1467 888 1535 faeta
902 1468 1118 1553 premittitur,
1136 1485 1201 1534 non
1274 1521 1280 1536 .

75 1593 217 1662 persone
235 1575 332 1658 vitio,
350 1595 423 1644 enm
440 1577 483 1644 de
498 1575 734 1662 postulationis
752 1577 806 1644 vel
821 1575 979 1661 postulati
996 1575 1121 1644 meritis
1137 1591 1202 1642 non

76 1682 172 1750 fuerit
183 1682 284 1768 plene
300 1681 496 1767 disonssnm,
515 1684 574 1754 red
589 1689 723 1772 propter
739 1683 825 1751 elias
843 1683 921 1749 lnoti
941 1681 1203 1750 oirnnmstenties

73 1810 139 1860 non
164 1791 317 1858 duximus
346 1791 591 1875 admittendam.
617 1795 667 1860 Ne
692 1791 794 1877 igitur
809 1791 939 1858 reontio
954 1790 1114 1875 prolixior
1128 1807 1203 1875 gra·

75 1900 169 1966 viora
180 1897 285 1966 eidem
296 1899 446 1968 Eeolesie
462 1901 593 1984 ingeret
610 1899 819 1982 detrimento,
836 1917 897 1966 nos
913 1899 947 1965 in
964 1897 1027 1966 hee
1042 1900 1111 1964 vioe
1128 1915 1203 1982 pro·

72 2006 238 2074 visionem
254 2004 362 2092 ipsius
378 2007 459 2076 Sedi
477 2008 668 2091 Apostoliee
683 2027 911 2093 reservemus,
927 2005 1145 2076 decernentes
1161 2024 1202 2072 ex

74 2133 162 2182 nuno
179 2112 303 2182 irritum
321 2120 355 2182 et
370 2114 481 2200 inane,
493 2115 521 2180 si
537 2134 634 2184 seons
644 2114 685 2183 de
695 2115 883 2202 provisione
892 2116 969 2199 ipss
977 2113 1203 2198 quoquomodo

73 2222 189 2308 queris
201 2221 398 2292 auotoritste
407 2242 467 2310 per
478 2242 717 2308 quemeumque
726 2222 822 2290 inerit
832 2229 1070 2308 attemptstnm.
1086 2223 1204 2299 lotum

72 2333 178 2400 Rome
194 2329 285 2420 apud
302 2329 458 2400 Sanotnm
474 2333 605 2402 Petrum
623 2330 785 2404 Kalendis
803 2328 1133 2415 Juniiffontifioeeun
1148 2351 1205 2399 no-

69 2439 146 2525 stri)
163 2461 252 2508 enno
268 2437 384 2526 primo.

181 2631 244 2706 (III.
258 2633 365 2691 llilrlos
377 2631 455 2708 pipo
468 2632 657 2711 Regestlibol
670 2634 798 2694 Theiner
810 2632 847 2688 id.
861 2651 896 2690 m.
910 2631 932 2690 l.
946 2631 975 2688 lr.
988 2630 1052 2688 324.
1065 2631 1096 2702 l.)
