<?xml version="1.0" encoding="UTF-8"?>
<!DOCTYPE html PUBLIC "-//W3C//DTD XHTML 1.0 Transitional//EN"
    "http://www.w3.org/TR/xhtml1/DTD/xhtml1-transitional.dtd">
<html xmlns="http://www.w3.org/1999/xhtml" xml:lang="en" lang="en">
 <head>
  <title>
</title>
<meta http-equiv="Content-Type" content="text/html;charset=utf-8" />
  <meta name='ocr-system' content='tesseract 3.04.00' />
  <meta name='ocr-capabilities' content='ocr_page ocr_carea ocr_par ocr_line ocrx_word'/>
</head>
<body>
  <div class='ocr_page' id='page_1' title='image "./codexdiplomatic08wenzgoog_0218.png"; bbox 0 0 3002 5148; ppageno 0'>
   <div class='ocr_carea' id='block_1_1' title="bbox 323 1142 1447 1448">
    <p class='ocr_par' dir='ltr' id='par_1_1' title="bbox 323 1142 1447 1448">
     <span class='ocr_line' id='line_1_1' title="bbox 323 1142 1447 1233; baseline -0.005 -19"><span class='ocrx_word' id='word_1_1' title='bbox 323 1145 390 1214; x_wconf 82' lang='grc' dir='ltr'><strong><em>ΙΙΙ.</em></strong></span> <span class='ocrx_word' id='word_1_2' title='bbox 406 1145 526 1212; x_wconf 72' lang='lat' dir='ltr'><strong>Miller</strong></span> <span class='ocrx_word' id='word_1_3' title='bbox 545 1146 638 1232; x_wconf 75' lang='lat' dir='ltr'><strong>pcipe</strong></span> <span class='ocrx_word' id='word_1_4' title='bbox 652 1143 756 1230; x_wconf 59' lang='lat' dir='ltr'><strong>calep</strong></span> <span class='ocrx_word' id='word_1_5' title='bbox 775 1143 964 1230; x_wconf 71' lang='lat' dir='ltr'><strong>pcrptiknclr</strong></span> <span class='ocrx_word' id='word_1_6' title='bbox 988 1147 1019 1210; x_wconf 71' lang='lat' dir='ltr'><strong>dr</strong></span> <span class='ocrx_word' id='word_1_7' title='bbox 1042 1142 1175 1233; x_wconf 73' lang='lat' dir='ltr'><strong>apostoli</strong></span> <span class='ocrx_word' id='word_1_8' title='bbox 1198 1142 1358 1209; x_wconf 62' lang='lat' dir='ltr'><strong>ccccm</strong></span> <span class='ocrx_word' id='word_1_9' title='bbox 1382 1160 1447 1226; x_wconf 68' lang='lat' dir='ltr'><strong>orep</strong></span> 
     </span>
     <span class='ocr_line' id='line_1_2' title="bbox 326 1249 1443 1340; baseline 0 -24"><span class='ocrx_word' id='word_1_10' title='bbox 326 1250 996 1340; x_wconf 74' lang='lat' dir='ltr'><strong>bcpyjc,bopderecrd·bedeipre&#39;poataelr</strong></span> <span class='ocrx_word' id='word_1_11' title='bbox 1006 1249 1443 1318; x_wconf 72' lang='lat' dir='ltr'><strong>keloceae&#39;drseklreocilmeto-</strong></span> 
     </span>
     <span class='ocr_line' id='line_1_3' title="bbox 324 1357 1442 1448; baseline -0.006 -20"><span class='ocrx_word' id='word_1_12' title='bbox 324 1359 678 1448; x_wconf 73' lang='lat' dir='ltr'><strong>tctsdtmepca&#39;eapdlja,c</strong></span> <span class='ocrx_word' id='word_1_13' title='bbox 692 1360 734 1424; x_wconf 83' lang='lat' dir='ltr'><strong>lta</strong></span> <span class='ocrx_word' id='word_1_14' title='bbox 750 1370 801 1426; x_wconf 74' lang='lat' dir='ltr'><strong>act</strong></span> <span class='ocrx_word' id='word_1_15' title='bbox 811 1359 972 1448; x_wconf 75' lang='lat' dir='ltr'><strong>iclyemclc</strong></span> <span class='ocrx_word' id='word_1_16' title='bbox 988 1357 1115 1448; x_wconf 64' lang='lat' dir='ltr'><strong>taldh&#39;a,</strong></span> <span class='ocrx_word' id='word_1_17' title='bbox 1132 1359 1442 1447; x_wconf 70' lang='lat' dir='ltr'><strong>nuperdrttre.1279.</strong></span> 
     </span>
    </p>
   </div>
   <div class='ocr_carea' id='block_1_2' title="bbox 325 1556 1495 3708">
    <p class='ocr_par' dir='ltr' id='par_1_2' title="bbox 325 1556 1495 3708">
     <span class='ocr_line' id='line_1_4' title="bbox 431 1556 1444 1644; baseline -0.006 -16"><span class='ocrx_word' id='word_1_18' title='bbox 431 1557 591 1630; x_wconf 85' lang='lat' dir='ltr'><strong>Nicolaus</strong></span> <span class='ocrx_word' id='word_1_19' title='bbox 619 1558 805 1644; x_wconf 75' lang='lat' dir='ltr'>Episcopus</span> <span class='ocrx_word' id='word_1_20' title='bbox 837 1577 953 1626; x_wconf 88' lang='lat' dir='ltr'><strong>seruus</strong></span> <span class='ocrx_word' id='word_1_21' title='bbox 985 1577 1151 1628; x_wconf 88' lang='lat' dir='ltr'><strong>seruorum</strong></span> <span class='ocrx_word' id='word_1_22' title='bbox 1175 1557 1241 1628; x_wconf 87' lang='lat' dir='ltr'><strong>Dei</strong></span> <span class='ocrx_word' id='word_1_23' title='bbox 1268 1556 1444 1626; x_wconf 74' lang='lat' dir='ltr'>venerabili</span> 
     </span>
     <span class='ocr_line' id='line_1_5' title="bbox 325 1665 1444 1755; baseline -0.008 -17"><span class='ocrx_word' id='word_1_24' title='bbox 325 1667 419 1738; x_wconf 81' lang='lat' dir='ltr'><strong>fratri</strong></span> <span class='ocrx_word' id='word_1_25' title='bbox 435 1714 444 1730; x_wconf 85' lang='lat'>.</span> <span class='ocrx_word' id='word_1_26' title='bbox 461 1717 469 1736; x_wconf 91' lang='lat'><strong>.</strong></span> <span class='ocrx_word' id='word_1_27' title='bbox 487 1717 494 1734; x_wconf 90' lang='lat'><strong>.</strong></span> <span class='ocrx_word' id='word_1_28' title='bbox 511 1669 679 1755; x_wconf 78' lang='lat' dir='ltr'><strong>Episcopo</strong></span> <span class='ocrx_word' id='word_1_29' title='bbox 697 1667 850 1736; x_wconf 72' lang='lat' dir='ltr'><strong>Firmano</strong></span> <span class='ocrx_word' id='word_1_30' title='bbox 875 1668 1069 1754; x_wconf 84' lang='lat' dir='ltr'><strong>Apostolice</strong></span> <span class='ocrx_word' id='word_1_31' title='bbox 1085 1666 1183 1737; x_wconf 86' lang='lat' dir='ltr'><strong>Sedis</strong></span> <span class='ocrx_word' id='word_1_32' title='bbox 1198 1667 1354 1752; x_wconf 79' lang='lat' dir='ltr'><strong>Legata,</strong></span> <span class='ocrx_word' id='word_1_33' title='bbox 1369 1665 1444 1732; x_wconf 81' lang='lat' dir='ltr'><strong>salu·</strong></span> 
     </span>
     <span class='ocr_line' id='line_1_6' title="bbox 326 1774 1445 1863; baseline -0.005 -19"><span class='ocrx_word' id='word_1_34' title='bbox 326 1788 390 1850; x_wconf 87' lang='lat' dir='ltr'><strong>tem</strong></span> <span class='ocrx_word' id='word_1_35' title='bbox 406 1783 440 1844; x_wconf 89' lang='lat' dir='ltr'><strong>et</strong></span> <span class='ocrx_word' id='word_1_36' title='bbox 455 1777 680 1863; x_wconf 84' lang='lat' dir='ltr'><strong>Apostolicem</strong></span> <span class='ocrx_word' id='word_1_37' title='bbox 707 1777 981 1844; x_wconf 76' lang='lat' dir='ltr'><strong>benedictionem.</strong></span> <span class='ocrx_word' id='word_1_38' title='bbox 1006 1777 1133 1845; x_wconf 82' lang='lat' dir='ltr'><strong>Detulit</strong></span> <span class='ocrx_word' id='word_1_39' title='bbox 1147 1777 1191 1842; x_wconf 89' lang='lat' dir='ltr'><strong>ad</strong></span> <span class='ocrx_word' id='word_1_40' title='bbox 1206 1795 1269 1842; x_wconf 87' lang='lat' dir='ltr'><strong>noe</strong></span> <span class='ocrx_word' id='word_1_41' title='bbox 1286 1774 1445 1856; x_wconf 81' lang='lat' dir='ltr'><strong>lidedignr</strong></span> 
     </span>
     <span class='ocr_line' id='line_1_7' title="bbox 325 1882 1444 1973; baseline -0.004 -19"><span class='ocrx_word' id='word_1_42' title='bbox 325 1887 456 1968; x_wconf 89' lang='lat' dir='ltr'><strong>relatio,</strong></span> <span class='ocrx_word' id='word_1_43' title='bbox 483 1886 568 1970; x_wconf 88' lang='lat' dir='ltr'><strong>qnod</strong></span> <span class='ocrx_word' id='word_1_44' title='bbox 596 1885 765 1972; x_wconf 78' lang='lat' dir='ltr'><strong>presentia</strong></span> <span class='ocrx_word' id='word_1_45' title='bbox 781 1883 895 1954; x_wconf 89' lang='lat' dir='ltr'><strong>dilecti</strong></span> <span class='ocrx_word' id='word_1_46' title='bbox 910 1883 968 1952; x_wconf 88' lang='lat' dir='ltr'><strong>lilii</strong></span> <span class='ocrx_word' id='word_1_47' title='bbox 984 1885 1135 1973; x_wconf 74' lang='lat' dir='ltr'><strong>Magistri</strong></span> <span class='ocrx_word' id='word_1_48' title='bbox 1151 1882 1321 1954; x_wconf 85' lang='lat' dir='ltr'><strong>Jobennis</strong></span> <span class='ocrx_word' id='word_1_49' title='bbox 1337 1883 1444 1968; x_wconf 76' lang='lat' dir='ltr'><strong>Ptepc·</strong></span> 
     </span>
     <span class='ocr_line' id='line_1_8' title="bbox 327 1992 1444 2080; baseline -0.009 -14"><span class='ocrx_word' id='word_1_50' title='bbox 327 1995 384 2066; x_wconf 86' lang='lat' dir='ltr'><strong>siti</strong></span> <span class='ocrx_word' id='word_1_51' title='bbox 401 1994 561 2068; x_wconf 72' lang='lat' dir='ltr'><strong>aucensis</strong></span> <span class='ocrx_word' id='word_1_52' title='bbox 580 1996 613 2062; x_wconf 95' lang='lat' dir='ltr'><strong>in</strong></span> <span class='ocrx_word' id='word_1_53' title='bbox 629 1993 845 2060; x_wconf 87' lang='lat' dir='ltr'><strong>colocensem</strong></span> <span class='ocrx_word' id='word_1_54' title='bbox 868 1993 1162 2080; x_wconf 86' lang='lat' dir='ltr'><strong>Arcbiepiscopom</strong></span> <span class='ocrx_word' id='word_1_55' title='bbox 1188 1992 1405 2075; x_wconf 84' lang='lat' dir='ltr'><strong>concorditer,</strong></span> <span class='ocrx_word' id='word_1_56' title='bbox 1419 1999 1444 2056; x_wconf 88' lang='lat' dir='ltr'><strong>nt</strong></span> 
     </span>
     <span class='ocr_line' id='line_1_9' title="bbox 329 2101 1446 2189; baseline -0.003 -18"><span class='ocrx_word' id='word_1_57' title='bbox 329 2105 440 2186; x_wconf 69' lang='lat' dir='ltr'><strong>lemur,</strong></span> <span class='ocrx_word' id='word_1_58' title='bbox 457 2103 554 2170; x_wconf 88' lang='lat' dir='ltr'><strong>electi</strong></span> <span class='ocrx_word' id='word_1_59' title='bbox 570 2109 623 2170; x_wconf 82' lang='lat' dir='ltr'><strong>est</strong></span> <span class='ocrx_word' id='word_1_60' title='bbox 638 2103 724 2171; x_wconf 89' lang='lat' dir='ltr'><strong>adeo</strong></span> <span class='ocrx_word' id='word_1_61' title='bbox 740 2101 773 2168; x_wconf 93' lang='lat' dir='ltr'><strong>in</strong></span> <span class='ocrx_word' id='word_1_62' title='bbox 793 2103 880 2170; x_wconf 92' lang='lat' dir='ltr'><strong>illins</strong></span> <span class='ocrx_word' id='word_1_63' title='bbox 896 2102 1046 2189; x_wconf 86' lang='lat' dir='ltr'><strong>partibus</strong></span> <span class='ocrx_word' id='word_1_64' title='bbox 1070 2107 1249 2188; x_wconf 87' lang='lat' dir='ltr'><strong>oportune,</strong></span> <span class='ocrx_word' id='word_1_65' title='bbox 1274 2101 1369 2182; x_wconf 89' lang='lat' dir='ltr'><strong>quod</strong></span> <span class='ocrx_word' id='word_1_66' title='bbox 1393 2120 1446 2168; x_wconf 88' lang='lat' dir='ltr'><strong>nor</strong></span> 
     </span>
     <span class='ocr_line' id='line_1_10' title="bbox 328 2207 1446 2300; baseline -0.002 -22"><span class='ocrx_word' id='word_1_67' title='bbox 328 2211 462 2300; x_wconf 86' lang='lat' dir='ltr'><strong>expedit</strong></span> <span class='ocrx_word' id='word_1_68' title='bbox 486 2231 560 2279; x_wconf 93' lang='lat' dir='ltr'><strong>enm</strong></span> <span class='ocrx_word' id='word_1_69' title='bbox 586 2209 629 2277; x_wconf 90' lang='lat' dir='ltr'><strong>ad</strong></span> <span class='ocrx_word' id='word_1_70' title='bbox 654 2231 790 2298; x_wconf 87' lang='lat' dir='ltr'><strong>presens</strong></span> <span class='ocrx_word' id='word_1_71' title='bbox 817 2209 936 2280; x_wconf 87' lang='lat' dir='ltr'><strong>exinde</strong></span> <span class='ocrx_word' id='word_1_72' title='bbox 957 2210 1103 2280; x_wconf 86' lang='lat' dir='ltr'><strong>evocari.</strong></span> <span class='ocrx_word' id='word_1_73' title='bbox 1119 2207 1384 2280; x_wconf 69' lang='lat' dir='ltr'><strong>considerantes</strong></span> <span class='ocrx_word' id='word_1_74' title='bbox 1399 2211 1446 2276; x_wconf 81' lang='lat' dir='ltr'><strong>itr-</strong></span> 
     </span>
     <span class='ocr_line' id='line_1_11' title="bbox 329 2318 1446 2408; baseline -0.005 -20"><span class='ocrx_word' id='word_1_75' title='bbox 329 2339 402 2407; x_wconf 88' lang='lat' dir='ltr'><strong>que,</strong></span> <span class='ocrx_word' id='word_1_76' title='bbox 420 2321 658 2408; x_wconf 88' lang='lat' dir='ltr'><strong>quodpropter</strong></span> <span class='ocrx_word' id='word_1_77' title='bbox 673 2320 744 2388; x_wconf 86' lang='lat' dir='ltr'><strong>eius</strong></span> <span class='ocrx_word' id='word_1_78' title='bbox 770 2321 958 2389; x_wconf 79' lang='lat' dir='ltr'><strong>absentiam</strong></span> <span class='ocrx_word' id='word_1_79' title='bbox 974 2341 1109 2408; x_wconf 88' lang='lat' dir='ltr'><strong>pernes</strong></span> <span class='ocrx_word' id='word_1_80' title='bbox 1125 2318 1281 2388; x_wconf 85' lang='lat' dir='ltr'><strong>adbiberi</strong></span> <span class='ocrx_word' id='word_1_81' title='bbox 1299 2339 1367 2388; x_wconf 89' lang='lat' dir='ltr'><strong>non</strong></span> <span class='ocrx_word' id='word_1_82' title='bbox 1383 2336 1446 2403; x_wconf 84' lang='lat' dir='ltr'><strong>por·</strong></span> 
     </span>
     <span class='ocr_line' id='line_1_12' title="bbox 329 2427 1446 2518; baseline -0.006 -20"><span class='ocrx_word' id='word_1_83' title='bbox 329 2437 390 2517; x_wconf 91' lang='lat' dir='ltr'><strong>set,</strong></span> <span class='ocrx_word' id='word_1_84' title='bbox 405 2429 579 2514; x_wconf 87' lang='lat' dir='ltr'><strong>presertim</strong></span> <span class='ocrx_word' id='word_1_85' title='bbox 595 2429 686 2495; x_wconf 88' lang='lat' dir='ltr'><strong>circa</strong></span> <span class='ocrx_word' id='word_1_86' title='bbox 701 2449 879 2515; x_wconf 89' lang='lat' dir='ltr'><strong>personam</strong></span> <span class='ocrx_word' id='word_1_87' title='bbox 894 2431 1011 2518; x_wconf 91' lang='lat' dir='ltr'><strong>ipsius,</strong></span> <span class='ocrx_word' id='word_1_88' title='bbox 1027 2429 1138 2497; x_wconf 92' lang='lat' dir='ltr'><strong>debite</strong></span> <span class='ocrx_word' id='word_1_89' title='bbox 1153 2427 1186 2494; x_wconf 93' lang='lat' dir='ltr'><strong>in</strong></span> <span class='ocrx_word' id='word_1_90' title='bbox 1196 2428 1446 2496; x_wconf 80' lang='lat' dir='ltr'><strong>talibnsdiseus</strong></span> 
     </span>
     <span class='ocr_line' id='line_1_13' title="bbox 328 2536 1447 2625; baseline -0.006 -15"><span class='ocrx_word' id='word_1_91' title='bbox 328 2539 433 2610; x_wconf 88' lang='lat' dir='ltr'><strong>sionis</strong></span> <span class='ocrx_word' id='word_1_92' title='bbox 451 2555 600 2620; x_wconf 85' lang='lat' dir='ltr'><strong>examen,</strong></span> <span class='ocrx_word' id='word_1_93' title='bbox 617 2537 782 2620; x_wconf 81' lang='lat' dir='ltr'><strong>negotium</strong></span> <span class='ocrx_word' id='word_1_94' title='bbox 800 2538 972 2606; x_wconf 77' lang='lat' dir='ltr'><strong>electionis</strong></span> <span class='ocrx_word' id='word_1_95' title='bbox 998 2539 1041 2606; x_wconf 90' lang='lat' dir='ltr'><strong>de</strong></span> <span class='ocrx_word' id='word_1_96' title='bbox 1056 2537 1129 2625; x_wconf 92' lang='lat' dir='ltr'><strong>ipso</strong></span> <span class='ocrx_word' id='word_1_97' title='bbox 1146 2537 1179 2602; x_wconf 90' lang='lat' dir='ltr'><strong>in</strong></span> <span class='ocrx_word' id='word_1_98' title='bbox 1194 2536 1376 2605; x_wconf 86' lang='lat' dir='ltr'><strong>colocensi</strong></span> <span class='ocrx_word' id='word_1_99' title='bbox 1392 2538 1447 2603; x_wconf 81' lang='lat' dir='ltr'><strong>lic-</strong></span> 
     </span>
     <span class='ocr_line' id='line_1_14' title="bbox 330 2644 1447 2720; baseline -0.01 0"><span class='ocrx_word' id='word_1_100' title='bbox 330 2648 435 2720; x_wconf 88' lang='lat' dir='ltr'><strong>elesia</strong></span> <span class='ocrx_word' id='word_1_101' title='bbox 459 2644 629 2714; x_wconf 88' lang='lat' dir='ltr'><strong>celebrate</strong></span> <span class='ocrx_word' id='word_1_102' title='bbox 656 2645 855 2714; x_wconf 75' lang='lat' dir='ltr'><strong>fraternitati</strong></span> <span class='ocrx_word' id='word_1_103' title='bbox 879 2655 935 2714; x_wconf 92' lang='lat' dir='ltr'><strong>tue</strong></span> <span class='ocrx_word' id='word_1_104' title='bbox 960 2645 1217 2716; x_wconf 79' lang='lat' dir='ltr'><strong>deliberavimus</strong></span> <span class='ocrx_word' id='word_1_105' title='bbox 1250 2648 1447 2714; x_wconf 76' lang='lat' dir='ltr'><strong>committere</strong></span> 
     </span>
     <span class='ocr_line' id='line_1_15' title="bbox 330 2753 1448 2840; baseline -0.005 -16"><span class='ocrx_word' id='word_1_106' title='bbox 330 2758 426 2840; x_wconf 72' lang='lat' dir='ltr'><strong>dum,</strong></span> <span class='ocrx_word' id='word_1_107' title='bbox 444 2754 645 2840; x_wconf 88' lang='lat' dir='ltr'><strong>presentium</strong></span> <span class='ocrx_word' id='word_1_108' title='bbox 663 2755 724 2822; x_wconf 90' lang='lat' dir='ltr'><strong>tibi</strong></span> <span class='ocrx_word' id='word_1_109' title='bbox 742 2763 856 2824; x_wconf 85' lang='lat' dir='ltr'><strong>tenore</strong></span> <span class='ocrx_word' id='word_1_110' title='bbox 872 2753 1078 2835; x_wconf 87' lang='lat' dir='ltr'><strong>mandantes,</strong></span> <span class='ocrx_word' id='word_1_111' title='bbox 1095 2761 1259 2839; x_wconf 83' lang='lat' dir='ltr'><strong>quatenns</strong></span> <span class='ocrx_word' id='word_1_112' title='bbox 1273 2753 1323 2822; x_wconf 91' lang='lat' dir='ltr'><strong>de</strong></span> <span class='ocrx_word' id='word_1_113' title='bbox 1337 2753 1448 2838; x_wconf 81' lang='lat' dir='ltr'><strong>prelati</strong></span> 
     </span>
     <span class='ocr_line' id='line_1_16' title="bbox 329 2861 1451 2950; baseline 0 -20"><span class='ocrx_word' id='word_1_114' title='bbox 329 2863 426 2930; x_wconf 88' lang='lat' dir='ltr'><strong>electi</strong></span> <span class='ocrx_word' id='word_1_115' title='bbox 451 2869 484 2930; x_wconf 90' lang='lat' dir='ltr'><strong>et</strong></span> <span class='ocrx_word' id='word_1_116' title='bbox 509 2863 679 2932; x_wconf 87' lang='lat' dir='ltr'><strong>electionis</strong></span> <span class='ocrx_word' id='word_1_117' title='bbox 705 2867 866 2950; x_wconf 88' lang='lat' dir='ltr'><strong>premisse</strong></span> <span class='ocrx_word' id='word_1_118' title='bbox 895 2865 1021 2934; x_wconf 89' lang='lat' dir='ltr'><strong>meritis</strong></span> <span class='ocrx_word' id='word_1_119' title='bbox 1041 2865 1141 2950; x_wconf 91' lang='lat' dir='ltr'><strong>plene</strong></span> <span class='ocrx_word' id='word_1_120' title='bbox 1156 2861 1323 2947; x_wconf 89' lang='lat' dir='ltr'><strong>discusso,</strong></span> <span class='ocrx_word' id='word_1_121' title='bbox 1340 2863 1371 2929; x_wconf 86' lang='lat' dir='ltr'><strong>si</strong></span> <span class='ocrx_word' id='word_1_122' title='bbox 1387 2881 1451 2930; x_wconf 78' lang='lat' dir='ltr'><strong>ean</strong></span> 
     </span>
     <span class='ocr_line' id='line_1_17' title="bbox 329 2970 1451 3060; baseline -0.001 -23"><span class='ocrx_word' id='word_1_123' title='bbox 329 2970 493 3040; x_wconf 85' lang='lat' dir='ltr'><strong>inveneris</strong></span> <span class='ocrx_word' id='word_1_124' title='bbox 510 2971 665 3038; x_wconf 86' lang='lat' dir='ltr'><strong>canonice</strong></span> <span class='ocrx_word' id='word_1_125' title='bbox 682 2971 725 3040; x_wconf 93' lang='lat' dir='ltr'><strong>de</strong></span> <span class='ocrx_word' id='word_1_126' title='bbox 740 2991 885 3058; x_wconf 86' lang='lat' dir='ltr'><strong>persona</strong></span> <span class='ocrx_word' id='word_1_127' title='bbox 899 2971 1032 3060; x_wconf 80' lang='lat' dir='ltr'><strong>ydonee</strong></span> <span class='ocrx_word' id='word_1_128' title='bbox 1046 2971 1259 3054; x_wconf 79' lang='lat' dir='ltr'><strong>celebratam,</strong></span> <span class='ocrx_word' id='word_1_129' title='bbox 1275 2971 1390 3057; x_wconf 84' lang='lat' dir='ltr'><strong>ipsam</strong></span> <span class='ocrx_word' id='word_1_130' title='bbox 1405 2989 1451 3036; x_wconf 82' lang='lat' dir='ltr'><strong>eu·</strong></span> 
     </span>
     <span class='ocr_line' id='line_1_18' title="bbox 330 3079 1453 3166; baseline -0.004 -18"><span class='ocrx_word' id='word_1_131' title='bbox 330 3081 483 3148; x_wconf 85' lang='lat' dir='ltr'><strong>ctoritate</strong></span> <span class='ocrx_word' id='word_1_132' title='bbox 499 3085 612 3146; x_wconf 87' lang='lat' dir='ltr'><strong>nostre</strong></span> <span class='ocrx_word' id='word_1_133' title='bbox 629 3079 801 3148; x_wconf 90' lang='lat' dir='ltr'><strong>conlirmes</strong></span> <span class='ocrx_word' id='word_1_134' title='bbox 811 3129 821 3166; x_wconf 95' lang='lat'><strong>,</strong></span> <span class='ocrx_word' id='word_1_135' title='bbox 846 3080 974 3148; x_wconf 84' lang='lat' dir='ltr'><strong>faciens</strong></span> <span class='ocrx_word' id='word_1_136' title='bbox 991 3079 1096 3148; x_wconf 91' lang='lat' dir='ltr'><strong>eidem</strong></span> <span class='ocrx_word' id='word_1_137' title='bbox 1114 3081 1230 3148; x_wconf 77' lang='lat' dir='ltr'><strong>illecto</strong></span> <span class='ocrx_word' id='word_1_138' title='bbox 1248 3099 1369 3148; x_wconf 89' lang='lat' dir='ltr'><strong>munus</strong></span> <span class='ocrx_word' id='word_1_139' title='bbox 1385 3100 1453 3147; x_wconf 85' lang='lat' dir='ltr'><strong>eon·</strong></span> 
     </span>
     <span class='ocr_line' id='line_1_19' title="bbox 330 3187 1452 3272; baseline -0.005 -14"><span class='ocrx_word' id='word_1_140' title='bbox 330 3189 526 3258; x_wconf 83' lang='lat' dir='ltr'><strong>secretionis</strong></span> <span class='ocrx_word' id='word_1_141' title='bbox 552 3187 717 3272; x_wconf 91' lang='lat' dir='ltr'><strong>impendi,</strong></span> <span class='ocrx_word' id='word_1_142' title='bbox 744 3196 777 3256; x_wconf 91' lang='lat' dir='ltr'><strong>et</strong></span> <span class='ocrx_word' id='word_1_143' title='bbox 792 3207 813 3254; x_wconf 88' lang='lat' dir='ltr'><strong>e</strong></span> <span class='ocrx_word' id='word_1_144' title='bbox 828 3189 897 3255; x_wconf 89' lang='lat' dir='ltr'><strong>suis</strong></span> <span class='ocrx_word' id='word_1_145' title='bbox 912 3189 1053 3258; x_wconf 90' lang='lat' dir='ltr'><strong>subditis</strong></span> <span class='ocrx_word' id='word_1_146' title='bbox 1070 3189 1216 3256; x_wconf 87' lang='lat' dir='ltr'><strong>debitam</strong></span> <span class='ocrx_word' id='word_1_147' title='bbox 1232 3187 1452 3256; x_wconf 81' lang='lat' dir='ltr'><strong>obedientiam</strong></span> 
     </span>
     <span class='ocr_line' id='line_1_20' title="bbox 330 3295 1452 3384; baseline -0.004 -16"><span class='ocrx_word' id='word_1_148' title='bbox 330 3305 364 3368; x_wconf 90' lang='lat' dir='ltr'><strong>et</strong></span> <span class='ocrx_word' id='word_1_149' title='bbox 378 3297 596 3364; x_wconf 85' lang='lat' dir='ltr'><strong>reuerentiam</strong></span> <span class='ocrx_word' id='word_1_150' title='bbox 611 3295 780 3382; x_wconf 74' lang='lat' dir='ltr'><strong>exbiberi,</strong></span> <span class='ocrx_word' id='word_1_151' title='bbox 795 3303 990 3384; x_wconf 90' lang='lat' dir='ltr'><strong>recepturus</strong></span> <span class='ocrx_word' id='word_1_152' title='bbox 1006 3299 1049 3366; x_wconf 87' lang='lat' dir='ltr'><strong>ab</strong></span> <span class='ocrx_word' id='word_1_153' title='bbox 1065 3317 1105 3366; x_wconf 90' lang='lat' dir='ltr'><strong>eo</strong></span> <span class='ocrx_word' id='word_1_154' title='bbox 1122 3297 1334 3384; x_wconf 88' lang='lat' dir='ltr'><strong>postmodnm</strong></span> <span class='ocrx_word' id='word_1_155' title='bbox 1345 3307 1452 3368; x_wconf 82' lang='lat' dir='ltr'><strong>nostro</strong></span> 
     </span>
     <span class='ocr_line' id='line_1_21' title="bbox 329 3403 1453 3476; baseline 0.002 -4"><span class='ocrx_word' id='word_1_156' title='bbox 329 3413 364 3472; x_wconf 89' lang='lat' dir='ltr'><strong>ct</strong></span> <span class='ocrx_word' id='word_1_157' title='bbox 377 3403 529 3474; x_wconf 80' lang='lat' dir='ltr'><strong>Ecclesia</strong></span> <span class='ocrx_word' id='word_1_158' title='bbox 544 3405 689 3472; x_wconf 87' lang='lat' dir='ltr'><strong>Romane</strong></span> <span class='ocrx_word' id='word_1_159' title='bbox 704 3405 833 3474; x_wconf 91' lang='lat' dir='ltr'><strong>nomine</strong></span> <span class='ocrx_word' id='word_1_160' title='bbox 848 3404 1018 3474; x_wconf 86' lang='lat' dir='ltr'><strong>fidelitatis</strong></span> <span class='ocrx_word' id='word_1_161' title='bbox 1029 3407 1127 3476; x_wconf 88' lang='lat' dir='ltr'><strong>solite</strong></span> <span class='ocrx_word' id='word_1_162' title='bbox 1139 3407 1360 3474; x_wconf 87' lang='lat' dir='ltr'><strong>iuramentum</strong></span> <span class='ocrx_word' id='word_1_163' title='bbox 1371 3409 1453 3474; x_wconf 79' lang='lat' dir='ltr'><strong>iuro</strong></span> 
     </span>
     <span class='ocr_line' id='line_1_22' title="bbox 329 3513 1495 3598; baseline -0.003 -15"><span class='ocrx_word' id='word_1_164' title='bbox 329 3517 487 3598; x_wconf 83' lang='lat' dir='ltr'><strong>sormam,</strong></span> <span class='ocrx_word' id='word_1_165' title='bbox 513 3531 612 3596; x_wconf 87' lang='lat' dir='ltr'><strong>qnam</strong></span> <span class='ocrx_word' id='word_1_166' title='bbox 638 3513 698 3580; x_wconf 89' lang='lat' dir='ltr'><strong>tibi</strong></span> <span class='ocrx_word' id='word_1_167' title='bbox 724 3514 786 3581; x_wconf 92' lang='lat' dir='ltr'><strong>sub</strong></span> <span class='ocrx_word' id='word_1_168' title='bbox 811 3514 902 3582; x_wconf 90' lang='lat' dir='ltr'><strong>bulla</strong></span> <span class='ocrx_word' id='word_1_169' title='bbox 928 3523 1044 3582; x_wconf 88' lang='lat' dir='ltr'><strong>nostra</strong></span> <span class='ocrx_word' id='word_1_170' title='bbox 1059 3515 1220 3582; x_wconf 88' lang='lat' dir='ltr'><strong>mittimus</strong></span> <span class='ocrx_word' id='word_1_171' title='bbox 1237 3513 1453 3583; x_wconf 83' lang='lat' dir='ltr'><strong>interclusam.</strong></span> <span class='ocrx_word' id='word_1_172' title='bbox 1494 3549 1495 3598; x_wconf 54' lang='lat' dir='ltr'><strong>p</strong></span> 
     </span>
     <span class='ocr_line' id='line_1_23' title="bbox 330 3609 1495 3708; baseline -0.005 -17"><span class='ocrx_word' id='word_1_173' title='bbox 330 3625 483 3708; x_wconf 80' lang='lat' dir='ltr'><strong>Alioquin</strong></span> <span class='ocrx_word' id='word_1_174' title='bbox 498 3623 614 3690; x_wconf 88' lang='lat' dir='ltr'><strong>eedem</strong></span> <span class='ocrx_word' id='word_1_175' title='bbox 631 3621 795 3690; x_wconf 89' lang='lat' dir='ltr'><strong>eloctione</strong></span> <span class='ocrx_word' id='word_1_176' title='bbox 811 3623 872 3690; x_wconf 89' lang='lat' dir='ltr'><strong>rite</strong></span> <span class='ocrx_word' id='word_1_177' title='bbox 889 3630 1033 3702; x_wconf 86' lang='lat' dir='ltr'><strong>cessate,</strong></span> <span class='ocrx_word' id='word_1_178' title='bbox 1049 3623 1157 3690; x_wconf 80' lang='lat' dir='ltr'><strong>facies</strong></span> <span class='ocrx_word' id='word_1_179' title='bbox 1172 3621 1263 3690; x_wconf 89' lang='lat' dir='ltr'><strong>dicte</strong></span> <span class='ocrx_word' id='word_1_180' title='bbox 1278 3622 1453 3692; x_wconf 78' lang='lat' dir='ltr'><strong>colocensi</strong></span> <span class='ocrx_word' id='word_1_181' title='bbox 1494 3609 1495 3674; x_wconf 64' lang='grc' dir='ltr'><strong>ἓ</strong></span> 
     </span>
    </p>
   </div>
   <div class='ocr_carea' id='block_1_3' title="bbox 331 3728 1495 4142">
    <p class='ocr_par' dir='ltr' id='par_1_3' title="bbox 331 3728 1495 4142">
     <span class='ocr_line' id='line_1_24' title="bbox 331 3728 1452 3817; baseline -0.004 -21"><span class='ocrx_word' id='word_1_182' title='bbox 331 3729 479 3800; x_wconf 83' lang='lat' dir='ltr'><strong>Ecclesia</strong></span> <span class='ocrx_word' id='word_1_183' title='bbox 495 3748 638 3816; x_wconf 84' lang='lat' dir='ltr'><strong>percos,</strong></span> <span class='ocrx_word' id='word_1_184' title='bbox 654 3728 697 3796; x_wconf 89' lang='lat' dir='ltr'><strong>ad</strong></span> <span class='ocrx_word' id='word_1_185' title='bbox 714 3749 799 3814; x_wconf 86' lang='lat' dir='ltr'><strong>quos</strong></span> <span class='ocrx_word' id='word_1_186' title='bbox 825 3730 859 3798; x_wconf 94' lang='lat' dir='ltr'><strong>id</strong></span> <span class='ocrx_word' id='word_1_187' title='bbox 875 3733 1027 3816; x_wconf 88' lang='lat' dir='ltr'><strong>pertinet,</strong></span> <span class='ocrx_word' id='word_1_188' title='bbox 1043 3729 1086 3799; x_wconf 91' lang='lat' dir='ltr'><strong>de</strong></span> <span class='ocrx_word' id='word_1_189' title='bbox 1101 3748 1246 3816; x_wconf 86' lang='lat' dir='ltr'><strong>persona</strong></span> <span class='ocrx_word' id='word_1_190' title='bbox 1260 3729 1402 3817; x_wconf 78' lang='lat' dir='ltr'><strong>ydonee</strong></span> <span class='ocrx_word' id='word_1_191' title='bbox 1417 3729 1452 3798; x_wconf 82' lang='lat' dir='ltr'><strong>al</strong></span> 
     </span>
     <span class='ocr_line' id='line_1_25' title="bbox 332 3835 1495 3926; baseline -0.004 -18"><span class='ocrx_word' id='word_1_192' title='bbox 332 3841 402 3908; x_wconf 89' lang='lat' dir='ltr'><strong>eius</strong></span> <span class='ocrx_word' id='word_1_193' title='bbox 427 3838 574 3925; x_wconf 86' lang='lat' dir='ltr'><strong>regimen</strong></span> <span class='ocrx_word' id='word_1_194' title='bbox 599 3843 760 3908; x_wconf 83' lang='lat' dir='ltr'><strong>canonice</strong></span> <span class='ocrx_word' id='word_1_195' title='bbox 785 3835 961 3926; x_wconf 86' lang='lat' dir='ltr'><strong>provideri.</strong></span> <span class='ocrx_word' id='word_1_196' title='bbox 989 3835 1257 3908; x_wconf 76' lang='lat' dir='ltr'><strong>contradictores</strong></span> <span class='ocrx_word' id='word_1_197' title='bbox 1273 3846 1339 3908; x_wconf 83' lang='lat' dir='ltr'><strong>ete.</strong></span> <span class='ocrx_word' id='word_1_198' title='bbox 1359 3859 1456 3923; x_wconf 77' lang='lat' dir='ltr'><strong>usquc</strong></span> <span class='ocrx_word' id='word_1_199' title='bbox 1494 3901 1495 3904; x_wconf 74' lang='grc'>,</span> 
     </span>
     <span class='ocr_line' id='line_1_26' title="bbox 333 3947 1495 4035; baseline -0.002 -21"><span class='ocrx_word' id='word_1_200' title='bbox 333 3947 577 4034; x_wconf 86' lang='lat' dir='ltr'><strong>compescendo.</strong></span> <span class='ocrx_word' id='word_1_201' title='bbox 603 3947 755 4016; x_wconf 72' lang='lat' dir='ltr'><strong>Formam</strong></span> <span class='ocrx_word' id='word_1_202' title='bbox 780 3953 889 4014; x_wconf 88' lang='lat' dir='ltr'><strong>autem</strong></span> <span class='ocrx_word' id='word_1_203' title='bbox 912 3947 1106 4034; x_wconf 88' lang='lat' dir='ltr'><strong>iuramenti,</strong></span> <span class='ocrx_word' id='word_1_204' title='bbox 1124 3949 1214 4032; x_wconf 88' lang='lat' dir='ltr'><strong>quod</strong></span> <span class='ocrx_word' id='word_1_205' title='bbox 1229 3951 1305 4035; x_wconf 88' lang='lat' dir='ltr'><strong>ipse</strong></span> <span class='ocrx_word' id='word_1_206' title='bbox 1315 3997 1325 4034; x_wconf 92' lang='lat'><strong>,</strong></span> <span class='ocrx_word' id='word_1_207' title='bbox 1341 3951 1376 4016; x_wconf 91' lang='lat' dir='ltr'><strong>si</strong></span> <span class='ocrx_word' id='word_1_208' title='bbox 1394 3949 1456 4016; x_wconf 85' lang='lat' dir='ltr'><strong>eins</strong></span> <span class='ocrx_word' id='word_1_209' title='bbox 1494 3979 1495 4012; x_wconf 80' lang='lat' dir='ltr'><strong>l</strong></span> 
     </span>
     <span class='ocr_line' id='line_1_27' title="bbox 335 4053 1454 4142; baseline -0.004 -18"><span class='ocrx_word' id='word_1_210' title='bbox 335 4055 528 4124; x_wconf 86' lang='lat' dir='ltr'><strong>electionem</strong></span> <span class='ocrx_word' id='word_1_211' title='bbox 552 4055 724 4142; x_wconf 80' lang='lat' dir='ltr'><strong>continget</strong></span> <span class='ocrx_word' id='word_1_212' title='bbox 746 4053 939 4137; x_wconf 88' lang='lat' dir='ltr'><strong>confirmari,</strong></span> <span class='ocrx_word' id='word_1_213' title='bbox 957 4056 1132 4142; x_wconf 86' lang='lat' dir='ltr'><strong>prestabit,</strong></span> <span class='ocrx_word' id='word_1_214' title='bbox 1150 4055 1193 4124; x_wconf 91' lang='lat' dir='ltr'><strong>de</strong></span> <span class='ocrx_word' id='word_1_215' title='bbox 1209 4055 1312 4124; x_wconf 84' lang='lat' dir='ltr'><strong>serbo</strong></span> <span class='ocrx_word' id='word_1_216' title='bbox 1329 4057 1378 4126; x_wconf 82' lang='lat' dir='ltr'><strong>aul</strong></span> <span class='ocrx_word' id='word_1_217' title='bbox 1395 4075 1454 4124; x_wconf 84' lang='lat' dir='ltr'><strong>uer-</strong></span> 
     </span>
    </p>
   </div>
   <div class='ocr_carea' id='block_1_4' title="bbox 332 4161 1458 4566">
    <p class='ocr_par' dir='ltr' id='par_1_4' title="bbox 332 4161 1458 4566">
     <span class='ocr_line' id='line_1_28' title="bbox 333 4161 1458 4250; baseline -0.004 -16"><span class='ocrx_word' id='word_1_218' title='bbox 333 4167 409 4234; x_wconf 86' lang='lat' dir='ltr'><strong>bum</strong></span> <span class='ocrx_word' id='word_1_219' title='bbox 426 4163 522 4230; x_wconf 92' lang='lat' dir='ltr'><strong>nobis</strong></span> <span class='ocrx_word' id='word_1_220' title='bbox 538 4181 597 4246; x_wconf 89' lang='lat' dir='ltr'><strong>par</strong></span> <span class='ocrx_word' id='word_1_221' title='bbox 613 4161 761 4231; x_wconf 90' lang='lat' dir='ltr'><strong>eiusdem</strong></span> <span class='ocrx_word' id='word_1_222' title='bbox 775 4169 928 4248; x_wconf 88' lang='lat' dir='ltr'><strong>patentes</strong></span> <span class='ocrx_word' id='word_1_223' title='bbox 955 4164 1082 4233; x_wconf 88' lang='lat' dir='ltr'><strong>litteras</strong></span> <span class='ocrx_word' id='word_1_224' title='bbox 1099 4183 1159 4232; x_wconf 91' lang='lat' dir='ltr'><strong>suo</strong></span> <span class='ocrx_word' id='word_1_225' title='bbox 1183 4164 1295 4250; x_wconf 82' lang='lat' dir='ltr'><strong>sigillo</strong></span> <span class='ocrx_word' id='word_1_226' title='bbox 1311 4161 1458 4249; x_wconf 77' lang='lat' dir='ltr'><strong>signatas</strong></span> 
     </span>
     <span class='ocr_line' id='line_1_29' title="bbox 332 4269 1456 4361; baseline -0.005 -18"><span class='ocrx_word' id='word_1_227' title='bbox 332 4295 392 4361; x_wconf 90' lang='lat' dir='ltr'><strong>per</strong></span> <span class='ocrx_word' id='word_1_228' title='bbox 407 4272 575 4359; x_wconf 87' lang='lat' dir='ltr'><strong>proprium</strong></span> <span class='ocrx_word' id='word_1_229' title='bbox 590 4271 741 4340; x_wconf 88' lang='lat' dir='ltr'><strong>nuntium</strong></span> <span class='ocrx_word' id='word_1_230' title='bbox 757 4269 924 4340; x_wconf 89' lang='lat' dir='ltr'><strong>destinare</strong></span> <span class='ocrx_word' id='word_1_231' title='bbox 934 4291 1098 4360; x_wconf 84' lang='lat' dir='ltr'><strong>procures.</strong></span> <span class='ocrx_word' id='word_1_232' title='bbox 1115 4269 1237 4342; x_wconf 78' lang='lat' dir='ltr'><strong>Datum</strong></span> <span class='ocrx_word' id='word_1_233' title='bbox 1247 4274 1353 4341; x_wconf 79' lang='lat' dir='ltr'><strong>Rome</strong></span> <span class='ocrx_word' id='word_1_234' title='bbox 1372 4271 1456 4360; x_wconf 81' lang='lat' dir='ltr'><strong>apud</strong></span> 
     </span>
     <span class='ocr_line' id='line_1_30' title="bbox 334 4378 1458 4468; baseline -0.004 -15"><span class='ocrx_word' id='word_1_235' title='bbox 334 4383 492 4453; x_wconf 82' lang='lat' dir='ltr'><strong>Sanctum</strong></span> <span class='ocrx_word' id='word_1_236' title='bbox 516 4380 646 4448; x_wconf 87' lang='lat' dir='ltr'><strong>Petrum</strong></span> <span class='ocrx_word' id='word_1_237' title='bbox 663 4379 776 4448; x_wconf 86' lang='lat' dir='ltr'><strong>idibus</strong></span> <span class='ocrx_word' id='word_1_238' title='bbox 792 4379 901 4466; x_wconf 88' lang='lat' dir='ltr'><strong>Junii,</strong></span> <span class='ocrx_word' id='word_1_239' title='bbox 926 4378 1151 4466; x_wconf 81' lang='lat' dir='ltr'><strong>(Pontificatue</strong></span> <span class='ocrx_word' id='word_1_240' title='bbox 1167 4379 1284 4468; x_wconf 90' lang='lat' dir='ltr'><strong>nostri)</strong></span> <span class='ocrx_word' id='word_1_241' title='bbox 1303 4401 1397 4451; x_wconf 85' lang='lat' dir='ltr'><strong>anno</strong></span> <span class='ocrx_word' id='word_1_242' title='bbox 1412 4401 1458 4448; x_wconf 74' lang='lat' dir='ltr'><strong>se</strong></span> 
     </span>
     <span class='ocr_line' id='line_1_31' title="bbox 334 4493 460 4566; baseline -0.04 0"><span class='ocrx_word' id='word_1_243' title='bbox 334 4493 460 4566; x_wconf 71' lang='lat' dir='ltr'><strong>cunda·</strong></span> 
     </span>
    </p>
   </div>
   <div class='ocr_carea' id='block_1_5' title="bbox 437 4577 1368 4712">
    <p class='ocr_par' dir='ltr' id='par_1_5' title="bbox 437 4577 1368 4712">
     <span class='ocr_line' id='line_1_32' title="bbox 437 4577 1368 4712; baseline -0.006 -20"><span class='ocrx_word' id='word_1_244' title='bbox 437 4631 502 4702; x_wconf 81' lang='lat' dir='ltr'><strong>&lt;un</strong></span> <span class='ocrx_word' id='word_1_245' title='bbox 515 4629 624 4690; x_wconf 76' lang='lat' dir='ltr'><strong>usuros</strong></span> <span class='ocrx_word' id='word_1_246' title='bbox 637 4625 717 4701; x_wconf 71' lang='lat' dir='ltr'><strong>pepo</strong></span> <span class='ocrx_word' id='word_1_247' title='bbox 730 4577 930 4700; x_wconf 57' lang='lat' dir='ltr'><strong>nectebat,</strong></span> <span class='ocrx_word' id='word_1_248' title='bbox 943 4631 1070 4691; x_wconf 68' lang='lat' dir='ltr'><strong>maner</strong></span> <span class='ocrx_word' id='word_1_249' title='bbox 1079 4633 1117 4689; x_wconf 84' lang='lat' dir='ltr'><strong>ru.</strong></span> <span class='ocrx_word' id='word_1_250' title='bbox 1131 4649 1167 4690; x_wconf 79' lang='lat' dir='ltr'><strong>m.</strong></span> <span class='ocrx_word' id='word_1_251' title='bbox 1180 4631 1203 4694; x_wconf 81' lang='lat' dir='ltr'><strong>u</strong></span> <span class='ocrx_word' id='word_1_252' title='bbox 1215 4633 1244 4691; x_wconf 82' lang='lat' dir='ltr'><strong>k.</strong></span> <span class='ocrx_word' id='word_1_253' title='bbox 1256 4627 1321 4688; x_wconf 82' lang='lat' dir='ltr'><strong>cea.</strong></span> <span class='ocrx_word' id='word_1_254' title='bbox 1331 4629 1368 4712; x_wconf 85' lang='lat'><strong>1.)</strong></span> 
     </span>
    </p>
   </div>
   <div class='ocr_carea' id='block_1_6' title="bbox 791 4769 1033 4798">
    <p class='ocr_par' dir='ltr' id='par_1_6' title="bbox 791 4769 1033 4798">
     <span class='ocr_line' id='line_1_33' title="bbox 791 4769 1033 4798; baseline 0.004 -10"><span class='ocrx_word' id='word_1_255' title='bbox 791 4769 1033 4798; x_wconf 47' lang='lat' dir='ltr'><strong>m*</strong></span> 
     </span>
    </p>
   </div>
   <div class='ocr_carea' id='block_1_7' title="bbox 0 0 1521 5140">
    <p class='ocr_par' dir='ltr' id='par_1_7' title="bbox 0 0 1521 5140">
     <span class='ocr_line' id='line_1_34' title="bbox 0 0 1521 5140; baseline 0 0"><span class='ocrx_word' id='word_1_256' title='bbox 0 0 1521 5140; x_wconf 95' lang='lat' dir='ltr'><strong> </strong></span> 
     </span>
    </p>
   </div>
  </div>
 </body>
</html>
