3142 5170
848 917 933 982 2⁰0.

330 1135 389 1201 IV.
406 1135 522 1201 Ldazlo
535 1135 648 1222 lcirdly
664 1158 685 1200 u
697 1137 846 1222 porsouyi
862 1133 1102 1198 vdrcrdszdlonelr
1119 1157 1139 1197 u
1155 1135 1206 1198 leet
1223 1135 1363 1201 Widrr'clr
1374 1139 1453 1201 usuri

323 1242 419 1330 solyd
441 1242 511 1308 lr‘o'zt
529 1241 631 1327 fekob'
650 1241 757 1328 folda
782 1243 972 1326 Jalcabuulc,
997 1241 1138 1330 Pozsoay
1162 1246 1253 1308 odron
1278 1243 1450 1330 birdjdnolr

706 1349 947 1436 adomdnyozzu.
964 1349 1062 1414 1288.

436 1565 614 1634 Ladizlaus
640 1565 702 1634 Dei
728 1567 843 1650 gracia
868 1566 1036 1650 Hungarie
1049 1615 1058 1651 ,
1085 1564 1274 1648 Dalmacie‚
1301 1566 1450 1652 Groacie,

331 1677 454 1755 Rome,
471 1674 603 1758 seroie,
622 1672 780 1759 Gallicie,
797 1675 1010 1759 Lodonrerie,
1026 1675 1202 1748 Cumania,
1229 1675 1449 1760 Belgarieque

330 1781 399 1847 Rex
417 1783 579 1851 uniuersis
608 1789 777 1867 presentes
803 1783 932 1848 litterae
957 1781 1152 1868 inspecturis
1177 1784 1313 1850 salutem
1341 1784 1375 1849 in
1402 1804 1450 1868 eo,

332 1891 388 1974 qui
413 1891 559 1977 Regibus
586 1891 645 1958 dat
662 1890 823 1978 [salntem.
842 1891 977 1974 Regalis
993 1890 1178 1958 sublimitas
1194 1911 1323 1958 suorum
1340 1892 1452 1959 subdi-

331 2005 435 2064 torum
461 1997 571 2067 tidelia
597 2007 629 2066 et
655 1999 848 2084 multiplicia
874 2001 1031 2082 obsequia
1051 1999 1148 2066 debet
1165 2007 1198 2065 et
1215 1999 1384 2066 consueuit
1400 2000 1450 2066 in-

331 2106 413 2173 tueri
429 2105 544 2174 occulo
560 2109 765 2196 perspicaci,
790 2114 823 2175 ct
845 2109 892 2174 eis
910 2109 1010 2192 digne
1025 2109 1295 2175 remuneracionis
1311 2109 1451 2194 premijs

334 2215 533 2300 respondere
549 2216 641 2284 iuxta
658 2237 766 2285 eorum
783 2217 1022 2302 prerogatiuam
1049 2225 1082 2282 et
1097 2215 1300 2302 exigentiam
1315 2217 1447 2284 merito·

329 2321 494 2391 rum.Hino
505 2331 563 2407 est,
574 2326 661 2410 quod
673 2325 717 2392 ad
728 2328 951 2394 uniuersorum
962 2325 1115 2391 noticiam
1127 2332 1239 2392 tenore
1250 2328 1452 2410 presencium

330 2433 479 2500 volumus
505 2437 696 2522 peruenire,
724 2437 812 2521 quod
837 2457 908 2504 cum
925 2435 1033 2503 fidelis
1051 2443 1162 2502 noster
1177 2435 1320 2504 Jacobus
1336 2437 1449 2505 Jndex

331 2542 475 2611 ciuitatis
503 2549 614 2612 nostre
631 2546 841 2614 Posoniensis
857 2547 890 2612 in
917 2546 1024 2612 multis
1049 2553 1081 2612 et
1097 2543 1210 2612 arduis
1227 2545 1373 2630 negocijs
1390 2546 1451 2611 Re-

335 2652 392 2738 gni
408 2652 513 2720 nostri
530 2659 561 2720 ct
577 2654 696 2721 nostris
712 2657 807 2722 nobis
832 2653 1043 2723 deuotissime
1064 2651 1285 2738 multipliciter
1300 2659 1331 2718 et
1347 2653 1453 2721 fideli-

336 2767 385 2826 ter
401 2759 591 2827 serninisset
604 2762 638 2828 in
655 2761 785 2830 feruore
801 2762 969 2830 fidelitatis
985 2763 1106 2830 eximie
1121 2761 1337 2848 persistendo,
1355 2763 1392 2829 in
1410 2761 1453 2828 le-

335 2868 526 2951 gaoionibus
553 2871 676 2938 nostris
700 2871 903 2960 perferendis
929 2871 1014 2938 ultra
1037 2871 1192 2939 terminos
1216 2871 1316 2956 Regni
1333 2873 1452 2954 nostri,

330 2976 486 3060 pluribus
501 2979 629 3046 uicibus
646 3001 739 3048 suam
766 2999 941 3067 personam
952 2980 1079 3046 fortune
1095 2980 1226 3046 nasibus
1244 2987 1276 3046 at
1290 2979 1449 3063 periculis
1557 3025 1558 3030 κ

335 3104 503 3170 exponere
518 3108 582 3154 non
599 3087 797 3172 formidans;
824 3109 884 3154 nos
901 3081 1148 3155 considerantes
1164 3087 1235 3154 eius
1251 3086 1453 3170 obsequiosa

332 3195 449 3261 merita
465 3201 496 3260 et
512 3197 680 3264 meritoria
697 3196 867 3282 obsequia,
885 3197 1073 3282 specialiter
1090 3196 1204 3263 fauore
1220 3195 1321 3279 Regio
1336 3217 1453 3284 prose-

333 3299 474 3389 quenda,
485 3313 516 3372 et
532 3305 562 3370 ei
578 3305 724 3374 volentes
742 3306 854 3386 dignis
871 3323 1040 3372 occurrero
1055 3303 1239 3387 donatinis;
1256 3311 1290 3370 vt
1306 3305 1366 3388 alij
1380 3307 1454 3374 eins

332 3411 483 3498 exemplo
509 3411 553 3478 ad
579 3413 747 3497 amplioris
773 3410 940 3479 fidelitatis
967 3411 1078 3478 studia
1092 3411 1218 3478 fidelius
1243 3418 1276 3476 et
1290 3411 1452 3481 denocius

330 3519 527 3604 excitentur;
544 3521 685 3588 maxime
695 3541 754 3606 pro
765 3521 1010 3588 instantissimis
1021 3521 1238 3608 peticionibus
1248 3523 1450 3591 venerandis

331 3629 437 3714 patris
448 3627 570 3696 domini
580 3629 767 3696 Lodomerii
777 3629 994 3697 miseracione
1005 3629 1127 3696 Diuina
1143 3629 1378 3716 strigoniensis
1394 3633 1457 3698 Ar-

332 3737 531 3824 cbiepiscopi
552 3741 586 3804 et
602 3739 738 3808 Comitis
755 3739 901 3826 perpetui
917 3739 982 3808 loci
1000 3739 1154 3824 eiusdem,
1166 3737 1278 3806 dilecti
1294 3743 1326 3805 et
1341 3740 1457 3809 fidelis

334 3845 457 3931 nostri;
482 3849 534 3914 cui
559 3853 715 3932 tanquam
732 3849 818 3933 patri
836 3853 945 3916 nostro
962 3846 1127 3935 spirituali
1151 3855 1184 3914 et
1200 3847 1389 3933 specialiter
1407 3869 1459 3915 re-

335 3956 490 4037 uerendo,
506 3955 539 4020 in
555 3956 653 4024 rebus
669 3957 894 4044 spiritualibus
909 3965 1037 4026 sincere
1054 3955 1271 4024 submittimus
1288 3964 1389 4043 caput
1400 3978 1457 4027 oo-

335 4069 447 4147 strum‚
459 4083 555 4148 quem
568 4064 655 4132 omni
671 4064 755 4132 bono
771 4065 997 4151 prosequimur
1013 4065 1193 4150 ethonore,
1209 4073 1329 4131 terram
1344 4073 1455 4136 custo·

338 4171 414 4238 dum
441 4171 524 4240 silue
550 4175 648 4240 castri
673 4175 775 4242 nostri
788 4173 996 4242 Posoniensis
1007 4179 1095 4242 retro
1113 4176 1219 4262 ipsum
1237 4181 1378 4242 castrum
1396 4176 1460 4243 Po·

337 4280 490 4350 sonionse
515 4285 732 4370 coustitutum,
761 4287 844 4352 inter
858 4284 940 4352 duos
957 4281 1073 4350 fluuios
1089 4279 1131 4346 W
1139 4281 1274 4370 ydriohe
1290 4304 1459 4370 nuncupa-

336 4395 405 4474 tos,
433 4408 453 4454 a
478 4389 703 4460 iurisdictione
730 4400 763 4460 et
788 4394 986 4479 proprietate
1012 4391 1161 4460 eiusdem
1181 4397 1279 4460 castri
1304 4393 1404 4460 nostri
1424 4401 1462 4460 et

336 4495 472 4569 Oomitis
488 4497 560 4584 sui,
587 4507 620 4567 et
629 4501 847 4588 jobagionum
864 4521 991 4570 suorum
1008 4501 1210 4587 excipientes
1226 4551 1235 4586 ,
1259 4501 1460 4571 auctoritate

336 4604 560 4700 presencium,
578 4615 609 4674 et
625 4609 748 4694 pariter
773 4613 972 4692 eximentes,
990 4627 1055 4680 vua
1072 4629 1142 4679 curu
1159 4609 1456 4698 submittentibus,
