3142 5170
609 383 767 490 Q

121 583 156 648 in
181 583 253 650 suis
268 579 504 670 libertatibus,
531 599 590 669 per
614 581 782 668 predictos
799 577 926 664 Reges,
945 578 1068 646 eisdem
1084 578 1250 645 concessis

121 688 383 774 atqne‘traditis,
400 688 613 756 dinoscuntur
629 689 864 776 permansisse.
893 685 946 752 Ita
962 684 1117 758 videlicet
1125 735 1135 769 ,
1163 686 1250 767 qnod

121 793 241 864 Comes
252 794 294 866 de
309 795 434 882 chnk‚
446 796 502 880 qni
512 817 571 882 pro
581 805 726 883 tempore
736 815 865 881 pernes
876 794 972 862 luerit
982 796 1184 876 constitutus,
1198 793 1250 860 uel

124 903 277 974 officialis
293 907 364 972 siue
381 902 551 973 viceiodex
567 907 734 990 eiusdem,
752 907 784 971 in
801 903 890 970 nullo
906 903 1047 971 articulo
1063 921 1248 984 causarum,

122 1031 327 1096 quocumque
341 1014 438 1080 modo
454 1014 539 1080 inter
554 1014 644 1100 ipsos
660 1013 809 1100 hospites
826 1013 1088 1097 emergencinm‚
1114 1009 1249 1077 eosdem

121 1121 234 1188 ualeat
250 1119 417 1203 indicare,
444 1122 498 1188 uel
515 1122 722 1207 aliquatenus
739 1119 953 1207 perturbare,
980 1126 1094 1186 contra
1111 1117 1247 1184 formam

120 1231 368 1316 priuilegiorum
393 1233 518 1317 Regum
544 1231 760 1316 predictorum
773 1282 782 1315 ,
808 1229 868 1297 sed
884 1248 995 1296 omnes
1019 1245 1137 1294 causas
1161 1225 1248 1291 inter

119 1338 211 1422 ipsos
228 1347 443 1425 emergentes,
455 1339 587 1408 villicus
603 1357 727 1420 earnm,
739 1338 794 1421 qui
805 1358 865 1423 pro
882 1346 1028 1422 tempore
1043 1355 1103 1420 per
1113 1333 1245 1401 cosdem

121 1447 315 1514 constitutus
340 1445 440 1514 luerit
448 1494 457 1529 ,
484 1447 652 1514 indicandi
678 1446 819 1514 liberam
835 1451 869 1511 et
885 1464 1034 1511 securam
1050 1441 1185 1509 habebit
1200 1439 1247 1506 fa-

121 1552 291 1623 cultatem.
306 1553 342 1622 si
358 1575 436 1624 nero
455 1554 587 1624 villicus
603 1554 759 1640 ipsorum,
779 1553 943 1638 aliquibus
960 1551 1129 1620 extraneis
1156 1548 1246 1616 iusti-

120 1661 207 1728 ciam
223 1657 335 1730 iacere
351 1663 549 1747 denegaret,
575 1669 697 1730 extunc
720 1663 793 1748 ipse
809 1662 940 1730 villicus
968 1659 1012 1728 ad
1038 1657 1176 1738 Regium
1193 1658 1247 1732 pel

121 1768 167 1834 ad
183 1777 329 1837 nostram
344 1769 552 1854 presenciam
567 1787 666 1854 snper
681 1771 745 1838 hoc
762 1777 929 1854 euocetur,
950 1775 985 1834 ut
1002 1764 1154 1834 omnibns
1171 1781 1246 1845 que-

121 1874 306 1954 relantibus
331 1877 373 1944 de
389 1875 524 1962 eodem,
540 1897 600 1962 per
616 1876 782 1943 dominnm
798 1879 940 1964 Regem,
959 1873 1014 1942 nel
1029 1895 1089 1960 per
1104 1892 1185 1956 nos,
1201 1871 1246 1938 iu·

121 1984 215 2052 sticie
232 1987 504 2072 complementum
519 1987 633 2054 ordine
650 1985 823 2056 iudiciario
845 1981 1064 2072 impendatur.
1078 1985 1197 2050 Datum
1214 1979 1247 2044 in

123 2094 313 2176 Deeswaar,
331 2095 364 2158 in
380 2092 467 2160 festo
483 2094 580 2160 Beati
596 2093 721 2162 Thome
740 2095 892 2181 Apostoli
901 2145 911 2178 ,
937 2112 1026 2160 anno
1052 2089 1184 2158 Domini
1199 2089 1249 2174 M⁰

122 2198 202 2266 00⁰.
220 2200 447 2284 octuagesimo
463 2210 590 2285 quarto.

121 2431 266 2502 (Teutsch
278 2431 310 2488 ds
322 2431 496 2504 Firnhaber,
510 2430 749 2490 Urkundeubuch
761 2448 814 2486 nur
827 2428 1003 2486 Geschichle
1014 2425 1249 2498 Siebenbllrgene

553 2521 574 2578 Ι.
588 2521 648 2576 kot.
664 2522 723 2578 136.
737 2519 809 2592 lap.)
