3142 5170
306 1175 365 1240 IV.
383 1173 499 1240 Maelo
521 1171 627 1260 lrr'rdly
653 1171 747 1238 Zoielr
773 1175 854 1238 nevel
878 1173 1022 1256 birtoltot,
1039 1173 1149 1260 melyet
1165 1171 1334 1239 leoaddablll
1348 1178 1431 1238 mda-

303 1284 368 1348 aalr
377 1281 624 1368 adondnyozott,
637 1281 744 1348 antedi
754 1281 1029 1368 totaJ‘dorosdmk,
1039 1284 1209 1348 amoena
1225 1283 1432 1348 mastauron

635 1390 717 1476 ddja
733 1393 845 1456 uiaazu.
863 1393 962 1457 1289.
981 1389 1090 1455 Kmad.

411 1593 480 1658 Nos
507 1589 681 1657 Ladialaua
707 1589 769 1656 Dei
791 1591 905 1675 gracia
930 1591 999 1654 Rex
1017 1587 1185 1672 Hongarie
1201 1589 1427 1674 significamur

303 1701 465 1768 universio
482 1698 687 1784 presencium
715 1716 775 1782 per
801 1705 955 1779 tenorem,
974 1699 1061 1781 quod
1077 1705 1196 1764 terram
1216 1697 1315 1764 Zoieh
1333 1717 1430 1766 voea-

301 1816 367 1876 tam
393 1811 472 1877 ville
497 1807 614 1874 'fanon
640 1809 825 1876 immediate
852 1811 1061 1892 contiguam,
1078 1807 1164 1876 aient
1178 1808 1317 1894 dieitur,
1336 1831 1357 1876 a
1373 1810 1427 1876 Jo-

306 1919 414 1986 hanne
433 1915 578 1984 oanilero
596 1925 708 1985 nostro
726 1914 918 1998 auferendo,
938 1937 1033 1999 quam
1050 1915 1135 1982 idem
1153 1917 1320 1986 Jolrannes
1338 1938 1359 1982 a
1376 1939 1433 1984 no·

302 2027 354 2092 bia
379 2029 483 2094 taoita
510 2027 649 2094 veritate
668 2027 874 2109 obtinuerat,
892 2025 1020 2091 domine
1039 2025 1229 2092 Elisabethe
1245 2027 1352 2093 sorori
1368 2047 1431 2093 no-

301 2140 369 2204 stre
393 2154 547 2221 germane
574 2135 724 2204 duximus
751 2133 1005 2216 restituendam,
1032 2151 1070 2199 eo
1083 2135 1159 2220 jure
1185 2141 1218 2200 et
1234 2135 1346 2213 modo,
1365 2153 1432 2213 qno

301 2251 400 2310 antea
416 2243 524 2310 eidem
542 2241 674 2310 domine
688 2243 861 2309 Elisabeth
879 2263 1033 2327 germane
1053 2242 1157 2308 sorori
1174 2249 1286 2310 nostre
1303 2242 1425 2328 digno-

301 2352 421 2417 scimur
445 2351 635 2419 contulisse.
664 2351 758 2417 Vnde
783 2352 942 2432 volumus,
973 2349 1059 2434 quod
1077 2349 1184 2416 nullus
1196 2351 1356 2436 judicum,
1377 2352 1433 2418 val

300 2459 356 2525 alii
374 2459 486 2544 aliqui,
505 2458 665 2528 officiales
683 2459 786 2546 ipsius
803 2459 923 2526 sororis
951 2468 1059 2526 nostre
1076 2479 1173 2544 nuper
1199 2458 1298 2526 tundo
1324 2459 1431 2546 ipsius

302 2575 386 2634 terre
404 2569 550 2636 audeant
574 2569 758 2635 molestare.
788 2568 905 2635 Datum
924 2569 955 2634 in
975 2567 1077 2653 Orget
1093 2566 1205 2652 [toreio
1224 2569 1278 2634 die
1296 2577 1429 2635 notara-

300 2697 368 2743 rum
387 2677 500 2745 Sancti
515 2677 701 2744 Michaelia

510 2871 662 2942 (Cornides
676 2871 818 2929 lrrlairatai
833 2875 907 2930 Vlll.
922 2872 1081 2930 kdtete'bdl.
1114 2873 1216 2945 t'aect.)
