<?xml version="1.0" encoding="UTF-8"?>
<!DOCTYPE html PUBLIC "-//W3C//DTD XHTML 1.0 Transitional//EN"
    "http://www.w3.org/TR/xhtml1/DTD/xhtml1-transitional.dtd">
<html xmlns="http://www.w3.org/1999/xhtml" xml:lang="en" lang="en">
 <head>
  <title>
</title>
<meta http-equiv="Content-Type" content="text/html;charset=utf-8" />
  <meta name='ocr-system' content='tesseract 3.04.00' />
  <meta name='ocr-capabilities' content='ocr_page ocr_carea ocr_par ocr_line ocrx_word'/>
</head>
<body>
  <div class='ocr_page' id='page_1' title='image "./codexdiplomatic08wenzgoog_0098.png"; bbox 0 0 3116 5166; ppageno 0'>
   <div class='ocr_carea' id='block_1_1' title="bbox 844 307 965 411">
    <p class='ocr_par' dir='ltr' id='par_1_1' title="bbox 844 307 965 411">
     <span class='ocr_line' id='line_1_1' title="bbox 844 307 965 411; baseline 0 -33"><span class='ocrx_word' id='word_1_1' title='bbox 844 307 965 411; x_wconf 42' lang='lat' dir='ltr'><strong>*oq-</strong></span> 
     </span>
    </p>
   </div>
   <div class='ocr_carea' id='block_1_2' title="bbox 289 490 1472 2548">
    <p class='ocr_par' dir='ltr' id='par_1_2' title="bbox 289 490 1472 2548">
     <span class='ocr_line' id='line_1_2' title="bbox 351 490 1471 599; baseline -0.004 -17"><span class='ocrx_word' id='word_1_2' title='bbox 351 511 416 598; x_wconf 58' lang='lat' dir='ltr'><strong>lico,</strong></span> <span class='ocrx_word' id='word_1_3' title='bbox 429 513 562 587; x_wconf 88' lang='lat' dir='ltr'><strong>domino</strong></span> <span class='ocrx_word' id='word_1_4' title='bbox 572 558 582 595; x_wconf 92' lang='lat'><strong>,</strong></span> <span class='ocrx_word' id='word_1_5' title='bbox 607 508 756 597; x_wconf 90' lang='lat' dir='ltr'><strong>piissimo</strong></span> <span class='ocrx_word' id='word_1_6' title='bbox 782 511 982 594; x_wconf 82' lang='lat' dir='ltr'><strong>redemptori</strong></span> <span class='ocrx_word' id='word_1_7' title='bbox 999 516 1090 577; x_wconf 89' lang='lat' dir='ltr'><strong>tante</strong></span> <span class='ocrx_word' id='word_1_8' title='bbox 1105 490 1316 580; x_wconf 82' lang='lat' dir='ltr'><strong>necessitatis</strong></span> <span class='ocrx_word' id='word_1_9' title='bbox 1333 521 1471 599; x_wconf 88' lang='lat' dir='ltr'><strong>tempore</strong></span> 
     </span>
     <span class='ocr_line' id='line_1_3' title="bbox 349 619 1467 706; baseline -0.006 -14"><span class='ocrx_word' id='word_1_10' title='bbox 349 646 414 692; x_wconf 92' lang='lat' dir='ltr'><strong>non</strong></span> <span class='ocrx_word' id='word_1_11' title='bbox 440 625 597 706; x_wconf 79' lang='lat' dir='ltr'><strong>assistat,</strong></span> <span class='ocrx_word' id='word_1_12' title='bbox 622 621 699 687; x_wconf 92' lang='lat' dir='ltr'><strong>dum</strong></span> <span class='ocrx_word' id='word_1_13' title='bbox 725 619 918 686; x_wconf 89' lang='lat' dir='ltr'><strong>hereditatis</strong></span> <span class='ocrx_word' id='word_1_14' title='bbox 944 641 1003 686; x_wconf 89' lang='lat' dir='ltr'><strong>sue</strong></span> <span class='ocrx_word' id='word_1_15' title='bbox 1028 620 1211 702; x_wconf 81' lang='lat' dir='ltr'><strong>funiculus,</strong></span> <span class='ocrx_word' id='word_1_16' title='bbox 1241 627 1330 688; x_wconf 89' lang='lat' dir='ltr'><strong>terra</strong></span> <span class='ocrx_word' id='word_1_17' title='bbox 1350 629 1467 696; x_wconf 86' lang='lat' dir='ltr'><strong>sancta,</strong></span> 
     </span>
     <span class='ocr_line' id='line_1_4' title="bbox 350 726 1470 818; baseline -0.004 -20"><span class='ocrx_word' id='word_1_18' title='bbox 350 753 446 818; x_wconf 89' lang='lat' dir='ltr'><strong>quam</strong></span> <span class='ocrx_word' id='word_1_19' title='bbox 463 731 527 798; x_wconf 89' lang='lat' dir='ltr'><strong>sibi</strong></span> <span class='ocrx_word' id='word_1_20' title='bbox 544 734 685 796; x_wconf 89' lang='lat' dir='ltr'><strong>testatur</strong></span> <span class='ocrx_word' id='word_1_21' title='bbox 700 728 860 812; x_wconf 76' lang='lat' dir='ltr'><strong>scripture</strong></span> <span class='ocrx_word' id='word_1_22' title='bbox 877 747 972 793; x_wconf 83' lang='lat' dir='ltr'><strong>sacre</strong></span> <span class='ocrx_word' id='word_1_23' title='bbox 998 729 1218 796; x_wconf 86' lang='lat' dir='ltr'><strong>testimonium</strong></span> <span class='ocrx_word' id='word_1_24' title='bbox 1236 726 1379 796; x_wconf 87' lang='lat' dir='ltr'><strong>omnium</strong></span> <span class='ocrx_word' id='word_1_25' title='bbox 1394 729 1470 796; x_wconf 81' lang='lat' dir='ltr'><strong>cari·</strong></span> 
     </span>
     <span class='ocr_line' id='line_1_5' title="bbox 350 835 1467 925; baseline -0.005 -18"><span class='ocrx_word' id='word_1_26' title='bbox 350 859 451 925; x_wconf 89' lang='lat' dir='ltr'><strong>orem,</strong></span> <span class='ocrx_word' id='word_1_27' title='bbox 469 839 503 904; x_wconf 93' lang='lat' dir='ltr'><strong>in</strong></span> <span class='ocrx_word' id='word_1_28' title='bbox 520 835 779 905; x_wconf 79' lang='lat' dir='ltr'><strong>Christianitatis</strong></span> <span class='ocrx_word' id='word_1_29' title='bbox 806 836 1032 902; x_wconf 82' lang='lat' dir='ltr'><strong>confusionem</strong></span> <span class='ocrx_word' id='word_1_30' title='bbox 1049 846 1083 903; x_wconf 91' lang='lat' dir='ltr'><strong>et</strong></span> <span class='ocrx_word' id='word_1_31' title='bbox 1098 836 1242 904; x_wconf 87' lang='lat' dir='ltr'><strong>dedecus</strong></span> <span class='ocrx_word' id='word_1_32' title='bbox 1258 856 1318 922; x_wconf 91' lang='lat' dir='ltr'><strong>per</strong></span> <span class='ocrx_word' id='word_1_33' title='bbox 1334 837 1467 902; x_wconf 88' lang='lat' dir='ltr'><strong>nominis</strong></span> 
     </span>
     <span class='ocr_line' id='line_1_6' title="bbox 351 929 1465 1030; baseline -0.005 -15"><span class='ocrx_word' id='word_1_34' title='bbox 351 945 531 1015; x_wconf 79' lang='lat' dir='ltr'><strong>Christiani</strong></span> <span class='ocrx_word' id='word_1_35' title='bbox 547 945 758 1030; x_wconf 87' lang='lat' dir='ltr'><strong>blasphemos</strong></span> <span class='ocrx_word' id='word_1_36' title='bbox 774 963 831 1030; x_wconf 91' lang='lat' dir='ltr'><strong>pro</strong></span> <span class='ocrx_word' id='word_1_37' title='bbox 858 929 953 1029; x_wconf 80' lang='lat' dir='ltr'><strong>parte</strong></span> <span class='ocrx_word' id='word_1_38' title='bbox 979 945 1124 1010; x_wconf 86' lang='lat' dir='ltr'><strong>maxima</strong></span> <span class='ocrx_word' id='word_1_39' title='bbox 1149 951 1311 1029; x_wconf 84' lang='lat' dir='ltr'><strong>occupata</strong></span> <span class='ocrx_word' id='word_1_40' title='bbox 1336 953 1465 1028; x_wconf 85' lang='lat' dir='ltr'><strong>leuetur,</strong></span> 
     </span>
     <span class='ocr_line' id='line_1_7' title="bbox 289 1050 1469 1144; baseline -0.004 -21"><span class='ocrx_word' id='word_1_41' title='bbox 289 1089 292 1096; x_wconf 48' lang='lat'><strong>⁴</strong></span> <span class='ocrx_word' id='word_1_42' title='bbox 351 1061 383 1124; x_wconf 89' lang='lat' dir='ltr'><strong>et</strong></span> <span class='ocrx_word' id='word_1_43' title='bbox 399 1055 442 1122; x_wconf 81' lang='lat' dir='ltr'><strong>ud</strong></span> <span class='ocrx_word' id='word_1_44' title='bbox 459 1054 705 1136; x_wconf 87' lang='lat' dir='ltr'><strong>occupationem</strong></span> <span class='ocrx_word' id='word_1_45' title='bbox 722 1050 844 1117; x_wconf 86' lang='lat' dir='ltr'><strong>residui</strong></span> <span class='ocrx_word' id='word_1_46' title='bbox 861 1071 920 1135; x_wconf 90' lang='lat' dir='ltr'><strong>per</strong></span> <span class='ocrx_word' id='word_1_47' title='bbox 946 1052 1078 1118; x_wconf 85' lang='lat' dir='ltr'><strong>eosdem</strong></span> <span class='ocrx_word' id='word_1_48' title='bbox 1095 1052 1252 1144; x_wconf 79' lang='lat' dir='ltr'><strong>instantia</strong></span> <span class='ocrx_word' id='word_1_49' title='bbox 1268 1051 1389 1119; x_wconf 86' lang='lat' dir='ltr'><strong>infeste</strong></span> <span class='ocrx_word' id='word_1_50' title='bbox 1404 1073 1469 1138; x_wconf 88' lang='lat' dir='ltr'><strong>per-</strong></span> 
     </span>
     <span class='ocr_line' id='line_1_8' title="bbox 351 1154 1468 1246; baseline -0.004 -16"><span class='ocrx_word' id='word_1_51' title='bbox 351 1154 531 1232; x_wconf 87' lang='lat' dir='ltr'><strong>secutionis</strong></span> <span class='ocrx_word' id='word_1_52' title='bbox 548 1161 720 1246; x_wconf 86' lang='lat' dir='ltr'><strong>insistitur,</strong></span> <span class='ocrx_word' id='word_1_53' title='bbox 739 1179 835 1243; x_wconf 89' lang='lat' dir='ltr'><strong>super</strong></span> <span class='ocrx_word' id='word_1_54' title='bbox 861 1179 900 1225; x_wconf 93' lang='lat' dir='ltr'><strong>eo</strong></span> <span class='ocrx_word' id='word_1_55' title='bbox 925 1157 1059 1226; x_wconf 86' lang='lat' dir='ltr'><strong>assidue</strong></span> <span class='ocrx_word' id='word_1_56' title='bbox 1075 1160 1108 1224; x_wconf 93' lang='lat' dir='ltr'><strong>in</strong></span> <span class='ocrx_word' id='word_1_57' title='bbox 1125 1159 1274 1243; x_wconf 88' lang='lat' dir='ltr'><strong>partibus</strong></span> <span class='ocrx_word' id='word_1_58' title='bbox 1291 1160 1360 1226; x_wconf 88' lang='lat' dir='ltr'><strong>illis</strong></span> <span class='ocrx_word' id='word_1_59' title='bbox 1378 1179 1468 1244; x_wconf 88' lang='lat' dir='ltr'><strong>popu-</strong></span> 
     </span>
     <span class='ocr_line' id='line_1_9' title="bbox 352 1267 1468 1355; baseline -0.008 -13"><span class='ocrx_word' id='word_1_60' title='bbox 352 1273 403 1342; x_wconf 89' lang='lat' dir='ltr'><strong>lus</strong></span> <span class='ocrx_word' id='word_1_61' title='bbox 419 1269 623 1338; x_wconf 78' lang='lat' dir='ltr'><strong>Christianus</strong></span> <span class='ocrx_word' id='word_1_62' title='bbox 639 1269 824 1355; x_wconf 87' lang='lat' dir='ltr'><strong>impetitur,</strong></span> <span class='ocrx_word' id='word_1_63' title='bbox 842 1275 874 1333; x_wconf 91' lang='lat' dir='ltr'><strong>et</strong></span> <span class='ocrx_word' id='word_1_64' title='bbox 890 1268 1036 1334; x_wconf 89' lang='lat' dir='ltr'><strong>molestis</strong></span> <span class='ocrx_word' id='word_1_65' title='bbox 1055 1269 1317 1352; x_wconf 88' lang='lat' dir='ltr'><strong>impetitionibus</strong></span> <span class='ocrx_word' id='word_1_66' title='bbox 1342 1267 1468 1336; x_wconf 81' lang='lat' dir='ltr'><strong>intesta·</strong></span> 
     </span>
     <span class='ocr_line' id='line_1_10' title="bbox 352 1375 1469 1463; baseline -0.006 -17"><span class='ocrx_word' id='word_1_67' title='bbox 352 1377 431 1446; x_wconf 82' lang='lat' dir='ltr'><strong>tur?</strong></span> <span class='ocrx_word' id='word_1_68' title='bbox 456 1379 500 1445; x_wconf 86' lang='lat' dir='ltr'><strong>Et</strong></span> <span class='ocrx_word' id='word_1_69' title='bbox 521 1375 653 1461; x_wconf 88' lang='lat' dir='ltr'><strong>quidem</strong></span> <span class='ocrx_word' id='word_1_70' title='bbox 670 1379 699 1445; x_wconf 88' lang='lat' dir='ltr'><strong>si</strong></span> <span class='ocrx_word' id='word_1_71' title='bbox 715 1377 859 1444; x_wconf 80' lang='lat' dir='ltr'><strong>facultas</strong></span> <span class='ocrx_word' id='word_1_72' title='bbox 876 1375 1051 1444; x_wconf 89' lang='lat' dir='ltr'><strong>resistendi</strong></span> <span class='ocrx_word' id='word_1_73' title='bbox 1068 1383 1287 1462; x_wconf 89' lang='lat' dir='ltr'><strong>competeret,</strong></span> <span class='ocrx_word' id='word_1_74' title='bbox 1306 1397 1371 1443; x_wconf 90' lang='lat' dir='ltr'><strong>non</strong></span> <span class='ocrx_word' id='word_1_75' title='bbox 1388 1383 1469 1463; x_wconf 86' lang='lat' dir='ltr'><strong>patc-</strong></span> 
     </span>
     <span class='ocr_line' id='line_1_11' title="bbox 353 1482 1466 1570; baseline -0.004 -15"><span class='ocrx_word' id='word_1_76' title='bbox 353 1495 441 1556; x_wconf 86' lang='lat' dir='ltr'><strong>retur</strong></span> <span class='ocrx_word' id='word_1_77' title='bbox 456 1487 577 1570; x_wconf 85' lang='lat' dir='ltr'><strong>a&#39;liquis</strong></span> <span class='ocrx_word' id='word_1_78' title='bbox 593 1487 721 1569; x_wconf 85' lang='lat' dir='ltr'><strong>absque</strong></span> <span class='ocrx_word' id='word_1_79' title='bbox 738 1484 867 1552; x_wconf 87' lang='lat' dir='ltr'><strong>deserte</strong></span> <span class='ocrx_word' id='word_1_80' title='bbox 882 1483 960 1551; x_wconf 88' lang='lat' dir='ltr'><strong>fidei</strong></span> <span class='ocrx_word' id='word_1_81' title='bbox 976 1487 1130 1570; x_wconf 91' lang='lat' dir='ltr'><strong>scrupulo</strong></span> <span class='ocrx_word' id='word_1_82' title='bbox 1147 1487 1199 1551; x_wconf 91' lang='lat' dir='ltr'><strong>sui</strong></span> <span class='ocrx_word' id='word_1_83' title='bbox 1216 1485 1345 1551; x_wconf 89' lang='lat' dir='ltr'><strong>domini</strong></span> <span class='ocrx_word' id='word_1_84' title='bbox 1361 1482 1466 1570; x_wconf 82' lang='lat' dir='ltr'><strong>tenpo-</strong></span> 
     </span>
     <span class='ocr_line' id='line_1_12' title="bbox 354 1585 1469 1681; baseline -0.006 -17"><span class='ocrx_word' id='word_1_85' title='bbox 354 1596 440 1664; x_wconf 86' lang='lat' dir='ltr'><strong>ralis&#39;</strong></span> <span class='ocrx_word' id='word_1_86' title='bbox 458 1597 511 1664; x_wconf 85' lang='lat' dir='ltr'><strong>u&#39;cl</strong></span> <span class='ocrx_word' id='word_1_87' title='bbox 537 1597 644 1664; x_wconf 83' lang='lat' dir='ltr'><strong>vicum</strong></span> <span class='ocrx_word' id='word_1_88' title='bbox 670 1596 815 1678; x_wconf 89' lang='lat' dir='ltr'><strong>aliquem</strong></span> <span class='ocrx_word' id='word_1_89' title='bbox 831 1595 1002 1681; x_wconf 87' lang='lat' dir='ltr'><strong>occupari;</strong></span> <span class='ocrx_word' id='word_1_90' title='bbox 1029 1602 1063 1660; x_wconf 88' lang='lat' dir='ltr'><strong>et</strong></span> <span class='ocrx_word' id='word_1_91' title='bbox 1088 1585 1284 1662; x_wconf 85' lang='lat' dir='ltr'><strong>hereditatis</strong></span> <span class='ocrx_word' id='word_1_92' title='bbox 1310 1594 1469 1661; x_wconf 89' lang='lat' dir='ltr'><strong>Dominice</strong></span> 
     </span>
     <span class='ocr_line' id='line_1_13' title="bbox 353 1703 1468 1789; baseline -0.004 -18"><span class='ocrx_word' id='word_1_93' title='bbox 353 1703 646 1773; x_wconf 70' lang='lat' dir='ltr'><strong>inras&#39;ores‘tidcles</strong></span> <span class='ocrx_word' id='word_1_94' title='bbox 658 1705 793 1770; x_wconf 91' lang='lat' dir='ltr'><strong>ulterius</strong></span> <span class='ocrx_word' id='word_1_95' title='bbox 814 1703 1009 1789; x_wconf 83' lang='lat' dir='ltr'><strong>patientur?</strong></span> <span class='ocrx_word' id='word_1_96' title='bbox 1025 1703 1189 1788; x_wconf 91' lang='lat' dir='ltr'><strong>Numquid</strong></span> <span class='ocrx_word' id='word_1_97' title='bbox 1200 1703 1468 1786; x_wconf 89' lang='lat' dir='ltr'><strong>marcebuntotio,</strong></span> 
     </span>
     <span class='ocr_line' id='line_1_14' title="bbox 355 1811 1469 1898; baseline -0.007 -17"><span class='ocrx_word' id='word_1_98' title='bbox 355 1823 413 1882; x_wconf 90' lang='lat' dir='ltr'><strong>aut</strong></span> <span class='ocrx_word' id='word_1_99' title='bbox 437 1815 528 1881; x_wconf 89' lang='lat' dir='ltr'><strong>ocius</strong></span> <span class='ocrx_word' id='word_1_100' title='bbox 551 1819 616 1880; x_wconf 80' lang='lat' dir='ltr'><strong>no&#39;n</strong></span> <span class='ocrx_word' id='word_1_101' title='bbox 644 1819 806 1898; x_wconf 81' lang='lat' dir='ltr'><strong>exurgent</strong></span> <span class='ocrx_word' id='word_1_102' title='bbox 827 1813 871 1879; x_wconf 92' lang='lat' dir='ltr'><strong>ad</strong></span> <span class='ocrx_word' id='word_1_103' title='bbox 888 1811 1057 1878; x_wconf 85' lang='lat' dir='ltr'><strong>vitandum</strong></span> <span class='ocrx_word' id='word_1_104' title='bbox 1074 1819 1165 1879; x_wconf 88' lang='lat' dir='ltr'><strong>tante</strong></span> <span class='ocrx_word' id='word_1_105' title='bbox 1182 1819 1259 1878; x_wconf 89' lang='lat' dir='ltr'><strong>note</strong></span> <span class='ocrx_word' id='word_1_106' title='bbox 1275 1811 1469 1879; x_wconf 80' lang='lat' dir='ltr'><strong>discrimen?</strong></span> 
     </span>
     <span class='ocr_line' id='line_1_15' title="bbox 354 1921 1466 2007; baseline -0.005 -19"><span class='ocrx_word' id='word_1_107' title='bbox 354 1923 525 2007; x_wconf 81' lang='lat' dir='ltr'><strong>Exurgant</strong></span> <span class='ocrx_word' id='word_1_108' title='bbox 539 1921 722 2005; x_wconf 78' lang='lat' dir='ltr'><strong>itaque&#39;qui</strong></span> <span class='ocrx_word' id='word_1_109' title='bbox 739 1927 815 1988; x_wconf 87' lang='lat' dir='ltr'><strong>sunt</strong></span> <span class='ocrx_word' id='word_1_110' title='bbox 833 1921 964 2004; x_wconf 80' lang='lat' dir='ltr'><strong>Christi,</strong></span> <span class='ocrx_word' id='word_1_111' title='bbox 984 1928 1017 1987; x_wconf 88' lang='lat' dir='ltr'><strong>et</strong></span> <span class='ocrx_word' id='word_1_112' title='bbox 1034 1941 1070 1987; x_wconf 88' lang='lat' dir='ltr'><strong>se</strong></span> <span class='ocrx_word' id='word_1_113' title='bbox 1086 1921 1193 2004; x_wconf 91' lang='lat' dir='ltr'><strong>ipsius</strong></span> <span class='ocrx_word' id='word_1_114' title='bbox 1204 1939 1281 1988; x_wconf 91' lang='lat' dir='ltr'><strong>esse</strong></span> <span class='ocrx_word' id='word_1_115' title='bbox 1296 1921 1466 1988; x_wconf 91' lang='lat' dir='ltr'><strong>nonsolun</strong></span> 
     </span>
     <span class='ocr_line' id='line_1_16' title="bbox 356 2029 1470 2116; baseline -0.004 -21"><span class='ocrx_word' id='word_1_116' title='bbox 356 2030 505 2112; x_wconf 89' lang='lat' dir='ltr'><strong>nomine,</strong></span> <span class='ocrx_word' id='word_1_117' title='bbox 523 2029 582 2096; x_wconf 92' lang='lat' dir='ltr'><strong>sed</strong></span> <span class='ocrx_word' id='word_1_118' title='bbox 598 2051 700 2116; x_wconf 91' lang='lat' dir='ltr'><strong>opere</strong></span> <span class='ocrx_word' id='word_1_119' title='bbox 716 2031 900 2114; x_wconf 79' lang='lat' dir='ltr'><strong>fateantur5</strong></span> <span class='ocrx_word' id='word_1_120' title='bbox 926 2033 1090 2113; x_wconf 80' lang='lat' dir='ltr'><strong>exurgant</strong></span> <span class='ocrx_word' id='word_1_121' title='bbox 1106 2031 1218 2112; x_wconf 92' lang='lat' dir='ltr'><strong>utique</strong></span> <span class='ocrx_word' id='word_1_122' title='bbox 1235 2029 1267 2095; x_wconf 92' lang='lat' dir='ltr'><strong>in</strong></span> <span class='ocrx_word' id='word_1_123' title='bbox 1285 2029 1374 2097; x_wconf 83' lang='lat' dir='ltr'><strong>illius</strong></span> <span class='ocrx_word' id='word_1_124' title='bbox 1390 2029 1470 2096; x_wconf 86' lang='lat' dir='ltr'><strong>auxi·</strong></span> 
     </span>
     <span class='ocr_line' id='line_1_17' title="bbox 357 2137 1472 2224; baseline -0.004 -22"><span class='ocrx_word' id='word_1_125' title='bbox 357 2139 453 2218; x_wconf 91' lang='lat' dir='ltr'><strong>lium,</strong></span> <span class='ocrx_word' id='word_1_126' title='bbox 471 2147 633 2224; x_wconf 80' lang='lat' dir='ltr'><strong>exurgant</strong></span> <span class='ocrx_word' id='word_1_127' title='bbox 649 2137 692 2202; x_wconf 84' lang='lat' dir='ltr'><strong>ad</strong></span> <span class='ocrx_word' id='word_1_128' title='bbox 709 2138 826 2206; x_wconf 79' lang='lat' dir='ltr'><strong>salutis</strong></span> <span class='ocrx_word' id='word_1_129' title='bbox 854 2157 912 2205; x_wconf 88' lang='lat' dir='ltr'><strong>sue</strong></span> <span class='ocrx_word' id='word_1_130' title='bbox 929 2137 1187 2221; x_wconf 78' lang='lat' dir='ltr'><strong>compendium,</strong></span> <span class='ocrx_word' id='word_1_131' title='bbox 1205 2145 1238 2203; x_wconf 91' lang='lat' dir='ltr'><strong>et</strong></span> <span class='ocrx_word' id='word_1_132' title='bbox 1262 2138 1350 2203; x_wconf 87' lang='lat' dir='ltr'><strong>illum</strong></span> <span class='ocrx_word' id='word_1_133' title='bbox 1376 2137 1472 2203; x_wconf 83' lang='lat' dir='ltr'><strong>breuis</strong></span> 
     </span>
     <span class='ocr_line' id='line_1_18' title="bbox 358 2237 1469 2333; baseline -0.003 -22"><span class='ocrx_word' id='word_1_134' title='bbox 358 2245 481 2313; x_wconf 90' lang='lat' dir='ltr'><strong>laboris</strong></span> <span class='ocrx_word' id='word_1_135' title='bbox 497 2237 602 2333; x_wconf 87' lang='lat' dir='ltr'><strong>pretio</strong></span> <span class='ocrx_word' id='word_1_136' title='bbox 629 2247 864 2332; x_wconf 90' lang='lat' dir='ltr'><strong>compendiose</strong></span> <span class='ocrx_word' id='word_1_137' title='bbox 890 2250 1085 2313; x_wconf 82' lang='lat' dir='ltr'><strong>mercentur.</strong></span> <span class='ocrx_word' id='word_1_138' title='bbox 1112 2247 1208 2312; x_wconf 84' lang='lat' dir='ltr'><strong>Nunc</strong></span> <span class='ocrx_word' id='word_1_139' title='bbox 1223 2247 1388 2332; x_wconf 90' lang='lat' dir='ltr'><strong>precipue</strong></span> <span class='ocrx_word' id='word_1_140' title='bbox 1404 2246 1469 2311; x_wconf 89' lang='lat' dir='ltr'><strong>dun</strong></span> 
     </span>
     <span class='ocr_line' id='line_1_19' title="bbox 358 2353 1470 2439; baseline -0.002 -21"><span class='ocrx_word' id='word_1_141' title='bbox 358 2355 392 2418; x_wconf 89' lang='lat' dir='ltr'><strong>in</strong></span> <span class='ocrx_word' id='word_1_142' title='bbox 409 2371 504 2420; x_wconf 88' lang='lat' dir='ltr'><strong>sacro</strong></span> <span class='ocrx_word' id='word_1_143' title='bbox 522 2354 669 2422; x_wconf 70' lang='lat' dir='ltr'><strong>Concilio</strong></span> <span class='ocrx_word' id='word_1_144' title='bbox 685 2355 730 2422; x_wconf 86' lang='lat' dir='ltr'><strong>ad</strong></span> <span class='ocrx_word' id='word_1_145' title='bbox 749 2355 811 2422; x_wconf 88' lang='lat' dir='ltr'><strong>hoc</strong></span> <span class='ocrx_word' id='word_1_146' title='bbox 826 2353 890 2421; x_wconf 86' lang='lat' dir='ltr'><strong>hiis</strong></span> <span class='ocrx_word' id='word_1_147' title='bbox 908 2355 1023 2421; x_wconf 89' lang='lat' dir='ltr'><strong>diebus</strong></span> <span class='ocrx_word' id='word_1_148' title='bbox 1039 2355 1123 2420; x_wconf 89' lang='lat' dir='ltr'><strong>iuter</strong></span> <span class='ocrx_word' id='word_1_149' title='bbox 1155 2360 1264 2421; x_wconf 86' lang='lat' dir='ltr'><strong>cetera</strong></span> <span class='ocrx_word' id='word_1_150' title='bbox 1274 2404 1283 2437; x_wconf 91' lang='lat'>‚</span> <span class='ocrx_word' id='word_1_151' title='bbox 1310 2353 1407 2418; x_wconf 91' lang='lat' dir='ltr'><strong>immo</strong></span> <span class='ocrx_word' id='word_1_152' title='bbox 1422 2371 1470 2439; x_wconf 91' lang='lat' dir='ltr'><strong>pre</strong></span> 
     </span>
     <span class='ocr_line' id='line_1_20' title="bbox 358 2461 1472 2548; baseline -0.002 -21"><span class='ocrx_word' id='word_1_153' title='bbox 358 2462 475 2528; x_wconf 79' lang='lat' dir='ltr'><strong>ceteris</strong></span> <span class='ocrx_word' id='word_1_154' title='bbox 501 2461 690 2548; x_wconf 87' lang='lat' dir='ltr'><strong>specialiter</strong></span> <span class='ocrx_word' id='word_1_155' title='bbox 717 2471 929 2548; x_wconf 81' lang='lat' dir='ltr'><strong>congregato,</strong></span> <span class='ocrx_word' id='word_1_156' title='bbox 946 2463 1092 2530; x_wconf 88' lang='lat' dir='ltr'><strong>eiusdem</strong></span> <span class='ocrx_word' id='word_1_157' title='bbox 1109 2469 1196 2527; x_wconf 87' lang='lat' dir='ltr'><strong>terre</strong></span> <span class='ocrx_word' id='word_1_158' title='bbox 1212 2481 1317 2547; x_wconf 90' lang='lat' dir='ltr'><strong>nuper</strong></span> <span class='ocrx_word' id='word_1_159' title='bbox 1333 2462 1472 2527; x_wconf 84' lang='lat' dir='ltr'><strong>ordinatu</strong></span> 
     </span>
    </p>
   </div>
   <div class='ocr_carea' id='block_1_3' title="bbox 358 2557 1476 2986">
    <p class='ocr_par' dir='ltr' id='par_1_3' title="bbox 358 2557 1476 2986">
     <span class='ocr_line' id='line_1_21' title="bbox 358 2557 1473 2657; baseline -0.004 -20"><span class='ocrx_word' id='word_1_160' title='bbox 358 2557 529 2638; x_wconf 83' lang='lat' dir='ltr'><strong>subventio</strong></span> <span class='ocrx_word' id='word_1_161' title='bbox 546 2571 606 2640; x_wconf 91' lang='lat' dir='ltr'><strong>sub</strong></span> <span class='ocrx_word' id='word_1_162' title='bbox 624 2593 684 2656; x_wconf 91' lang='lat' dir='ltr'><strong>spe</strong></span> <span class='ocrx_word' id='word_1_163' title='bbox 701 2573 799 2653; x_wconf 89' lang='lat' dir='ltr'><strong>illius,</strong></span> <span class='ocrx_word' id='word_1_164' title='bbox 818 2572 860 2639; x_wconf 89' lang='lat' dir='ltr'><strong>de</strong></span> <span class='ocrx_word' id='word_1_165' title='bbox 877 2573 971 2639; x_wconf 91' lang='lat' dir='ltr'><strong>cuius</strong></span> <span class='ocrx_word' id='word_1_166' title='bbox 988 2573 1091 2640; x_wconf 89' lang='lat' dir='ltr'><strong>solius</strong></span> <span class='ocrx_word' id='word_1_167' title='bbox 1109 2571 1262 2638; x_wconf 89' lang='lat' dir='ltr'><strong>clementi</strong></span> <span class='ocrx_word' id='word_1_168' title='bbox 1278 2567 1473 2657; x_wconf 86' lang='lat' dir='ltr'><strong>providentia</strong></span> 
     </span>
     <span class='ocr_line' id='line_1_22' title="bbox 358 2679 1474 2766; baseline -0.004 -20"><span class='ocrx_word' id='word_1_169' title='bbox 358 2687 393 2746; x_wconf 89' lang='lat' dir='ltr'><strong>et</strong></span> <span class='ocrx_word' id='word_1_170' title='bbox 408 2681 584 2746; x_wconf 87' lang='lat' dir='ltr'><strong>clementia</strong></span> <span class='ocrx_word' id='word_1_171' title='bbox 608 2680 747 2764; x_wconf 86' lang='lat' dir='ltr'><strong>provida</strong></span> <span class='ocrx_word' id='word_1_172' title='bbox 777 2681 940 2748; x_wconf 87' lang='lat' dir='ltr'><strong>ordinatio</strong></span> <span class='ocrx_word' id='word_1_173' title='bbox 956 2679 1034 2748; x_wconf 86' lang='lat' dir='ltr'><strong>talis</strong></span> <span class='ocrx_word' id='word_1_174' title='bbox 1051 2687 1086 2745; x_wconf 89' lang='lat' dir='ltr'><strong>et</strong></span> <span class='ocrx_word' id='word_1_175' title='bbox 1101 2687 1195 2746; x_wconf 86' lang='lat' dir='ltr'><strong>tanta</strong></span> <span class='ocrx_word' id='word_1_176' title='bbox 1210 2680 1381 2766; x_wconf 89' lang='lat' dir='ltr'><strong>processit,</strong></span> <span class='ocrx_word' id='word_1_177' title='bbox 1397 2679 1474 2744; x_wconf 88' lang='lat' dir='ltr'><strong>labo·</strong></span> 
     </span>
     <span class='ocr_line' id='line_1_23' title="bbox 360 2785 1475 2874; baseline -0.004 -22"><span class='ocrx_word' id='word_1_178' title='bbox 360 2789 404 2852; x_wconf 90' lang='lat' dir='ltr'><strong>ris</strong></span> <span class='ocrx_word' id='word_1_179' title='bbox 430 2795 577 2872; x_wconf 86' lang='lat' dir='ltr'><strong>optatum</strong></span> <span class='ocrx_word' id='word_1_180' title='bbox 602 2789 722 2855; x_wconf 81' lang='lat' dir='ltr'><strong>exitum</strong></span> <span class='ocrx_word' id='word_1_181' title='bbox 747 2790 958 2874; x_wconf 86' lang='lat' dir='ltr'><strong>repromittit.</strong></span> <span class='ocrx_word' id='word_1_182' title='bbox 987 2790 1262 2858; x_wconf 68' lang='lat' dir='ltr'><strong>convenientibus</strong></span> <span class='ocrx_word' id='word_1_183' title='bbox 1280 2787 1434 2872; x_wconf 88' lang='lat' dir='ltr'><strong>siquidem</strong></span> <span class='ocrx_word' id='word_1_184' title='bbox 1449 2785 1475 2849; x_wconf 92' lang='lat' dir='ltr'><strong>in</strong></span> 
     </span>
     <span class='ocr_line' id='line_1_24' title="bbox 363 2891 1476 2986; baseline -0.003 -26"><span class='ocrx_word' id='word_1_185' title='bbox 363 2896 489 2963; x_wconf 86' lang='lat' dir='ltr'><strong>eodem·</strong></span> <span class='ocrx_word' id='word_1_186' title='bbox 505 2896 651 2974; x_wconf 77' lang='lat' dir='ltr'><strong>doncilio</strong></span> <span class='ocrx_word' id='word_1_187' title='bbox 679 2899 843 2964; x_wconf 89' lang='lat' dir='ltr'><strong>nonnullis</strong></span> <span class='ocrx_word' id='word_1_188' title='bbox 862 2899 1070 2986; x_wconf 87' lang='lat' dir='ltr'><strong>Principibus</strong></span> <span class='ocrx_word' id='word_1_189' title='bbox 1095 2905 1126 2963; x_wconf 93' lang='lat' dir='ltr'><strong>et</strong></span> <span class='ocrx_word' id='word_1_190' title='bbox 1151 2898 1294 2965; x_wconf 83' lang='lat' dir='ltr'><strong>Prelatis</strong></span> <span class='ocrx_word' id='word_1_191' title='bbox 1321 2891 1476 2964; x_wconf 83' lang='lat' dir='ltr'><strong>demendi</strong></span> 
     </span>
    </p>
   </div>
   <div class='ocr_carea' id='block_1_4' title="bbox 360 3004 1533 4722">
    <p class='ocr_par' dir='ltr' id='par_1_4' title="bbox 360 3004 1534 4722">
     <span class='ocr_line' id='line_1_25' title="bbox 360 3004 1477 3092; baseline 0 -22"><span class='ocrx_word' id='word_1_192' title='bbox 360 3005 511 3090; x_wconf 86' lang='lat' dir='ltr'><strong>partibus</strong></span> <span class='ocrx_word' id='word_1_193' title='bbox 526 3007 697 3091; x_wconf 85' lang='lat' dir='ltr'><strong>universis,</strong></span> <span class='ocrx_word' id='word_1_194' title='bbox 714 3007 920 3091; x_wconf 84' lang='lat' dir='ltr'><strong>aliorumque</strong></span> <span class='ocrx_word' id='word_1_195' title='bbox 936 3007 1135 3092; x_wconf 89' lang='lat' dir='ltr'><strong>Principum,</strong></span> <span class='ocrx_word' id='word_1_196' title='bbox 1160 3004 1364 3074; x_wconf 86' lang='lat' dir='ltr'><strong>Prelatorum</strong></span> <span class='ocrx_word' id='word_1_197' title='bbox 1379 3015 1408 3074; x_wconf 89' lang='lat' dir='ltr'><strong>et</strong></span> <span class='ocrx_word' id='word_1_198' title='bbox 1424 3007 1477 3071; x_wconf 84' lang='lat' dir='ltr'><strong>Ca·</strong></span> 
     </span>
     <span class='ocr_line' id='line_1_26' title="bbox 360 3111 1476 3208; baseline -0.004 -29"><span class='ocrx_word' id='word_1_199' title='bbox 360 3115 532 3200; x_wconf 86' lang='lat' dir='ltr'><strong>pitulorum</strong></span> <span class='ocrx_word' id='word_1_200' title='bbox 556 3116 707 3198; x_wconf 87' lang='lat' dir='ltr'><strong>Nuntiis,</strong></span> <span class='ocrx_word' id='word_1_201' title='bbox 743 3123 818 3201; x_wconf 90' lang='lat' dir='ltr'><strong>post</strong></span> <span class='ocrx_word' id='word_1_202' title='bbox 849 3115 1031 3182; x_wconf 90' lang='lat' dir='ltr'><strong>subsidium</strong></span> <span class='ocrx_word' id='word_1_203' title='bbox 1068 3117 1295 3208; x_wconf 85' lang='lat' dir='ltr'><strong>pecuniarium</strong></span> <span class='ocrx_word' id='word_1_204' title='bbox 1327 3111 1476 3184; x_wconf 87' lang='lat' dir='ltr'><strong>communi</strong></span> 
     </span>
     <span class='ocr_line' id='line_1_27' title="bbox 362 3222 1477 3310; baseline -0.002 -22"><span class='ocrx_word' id='word_1_205' title='bbox 362 3230 627 3292; x_wconf 82' lang='lat' dir='ltr'><strong>consensuterre</strong></span> <span class='ocrx_word' id='word_1_206' title='bbox 644 3224 837 3310; x_wconf 84' lang='lat' dir='ltr'><strong>deputatum</strong></span> <span class='ocrx_word' id='word_1_207' title='bbox 854 3225 973 3310; x_wconf 90' lang='lat' dir='ltr'><strong>eidem,</strong></span> <span class='ocrx_word' id='word_1_208' title='bbox 990 3224 1150 3291; x_wconf 82' lang='lat' dir='ltr'><strong>convenit</strong></span> <span class='ocrx_word' id='word_1_209' title='bbox 1167 3226 1309 3291; x_wconf 92' lang='lat' dir='ltr'><strong>omnium</strong></span> <span class='ocrx_word' id='word_1_210' title='bbox 1320 3222 1477 3290; x_wconf 80' lang='lat' dir='ltr'><strong>sententia</strong></span> 
     </span>
     <span class='ocr_line' id='line_1_28' title="bbox 362 3331 1479 3418; baseline -0.004 -24"><span class='ocrx_word' id='word_1_211' title='bbox 362 3331 395 3396; x_wconf 93' lang='lat' dir='ltr'><strong>in</strong></span> <span class='ocrx_word' id='word_1_212' title='bbox 413 3332 447 3399; x_wconf 92' lang='lat' dir='ltr'><strong>id</strong></span> <span class='ocrx_word' id='word_1_213' title='bbox 463 3332 580 3418; x_wconf 89' lang='lat' dir='ltr'><strong>ipsum,</strong></span> <span class='ocrx_word' id='word_1_214' title='bbox 597 3333 752 3399; x_wconf 86' lang='lat' dir='ltr'><strong>videlicet</strong></span> <span class='ocrx_word' id='word_1_215' title='bbox 768 3339 804 3398; x_wconf 90' lang='lat' dir='ltr'><strong>ut</strong></span> <span class='ocrx_word' id='word_1_216' title='bbox 820 3335 855 3399; x_wconf 95' lang='lat' dir='ltr'><strong>in</strong></span> <span class='ocrx_word' id='word_1_217' title='bbox 871 3333 1017 3418; x_wconf 84' lang='lat' dir='ltr'><strong>generali</strong></span> <span class='ocrx_word' id='word_1_218' title='bbox 1038 3334 1206 3418; x_wconf 84' lang='lat' dir='ltr'><strong>passagio,</strong></span> <span class='ocrx_word' id='word_1_219' title='bbox 1234 3333 1325 3399; x_wconf 89' lang='lat' dir='ltr'><strong>cuius</strong></span> <span class='ocrx_word' id='word_1_220' title='bbox 1340 3332 1479 3398; x_wconf 86' lang='lat' dir='ltr'><strong>celeriter</strong></span> 
     </span>
     <span class='ocr_line' id='line_1_29' title="bbox 361 3440 1477 3526; baseline 0 -25"><span class='ocrx_word' id='word_1_221' title='bbox 361 3441 580 3507; x_wconf 76' lang='lat' dir='ltr'><strong>aucloremeo</strong></span> <span class='ocrx_word' id='word_1_222' title='bbox 598 3442 1008 3526; x_wconf 83' lang='lat' dir='ltr'><strong>terminum&#39;pretigemus,</strong></span> <span class='ocrx_word' id='word_1_223' title='bbox 1026 3442 1187 3508; x_wconf 86' lang='lat' dir='ltr'><strong>universis</strong></span> <span class='ocrx_word' id='word_1_224' title='bbox 1205 3440 1399 3508; x_wconf 89' lang='lat' dir='ltr'><strong>christicolis</strong></span> <span class='ocrx_word' id='word_1_225' title='bbox 1415 3459 1477 3503; x_wconf 86' lang='lat' dir='ltr'><strong>con·</strong></span> 
     </span>
     <span class='ocr_line' id='line_1_30' title="bbox 362 3545 1480 3635; baseline -0.003 -25"><span class='ocrx_word' id='word_1_226' title='bbox 362 3553 415 3612; x_wconf 88' lang='lat' dir='ltr'><strong>tra</strong></span> <span class='ocrx_word' id='word_1_227' title='bbox 431 3547 640 3633; x_wconf 86' lang='lat' dir='ltr'><strong>blasphemos</strong></span> <span class='ocrx_word' id='word_1_228' title='bbox 667 3550 801 3616; x_wconf 85' lang='lat' dir='ltr'><strong>eosdem</strong></span> <span class='ocrx_word' id='word_1_229' title='bbox 828 3551 1054 3619; x_wconf 87' lang='lat' dir='ltr'><strong>constantibus</strong></span> <span class='ocrx_word' id='word_1_230' title='bbox 1080 3551 1167 3618; x_wconf 86' lang='lat' dir='ltr'><strong>vires</strong></span> <span class='ocrx_word' id='word_1_231' title='bbox 1184 3569 1273 3635; x_wconf 86' lang='lat' dir='ltr'><strong>suas,</strong></span> <span class='ocrx_word' id='word_1_232' title='bbox 1291 3556 1413 3633; x_wconf 91' lang='lat' dir='ltr'><strong>quanto</strong></span> <span class='ocrx_word' id='word_1_233' title='bbox 1429 3545 1480 3612; x_wconf 88' lang='lat' dir='ltr'><strong>erit</strong></span> 
     </span>
     <span class='ocr_line' id='line_1_31' title="bbox 364 3643 1478 3745; baseline -0.005 -22"><span class='ocrx_word' id='word_1_234' title='bbox 364 3657 623 3726; x_wconf 78' lang='lat' dir='ltr'><strong>Christianorum</strong></span> <span class='ocrx_word' id='word_1_235' title='bbox 640 3643 742 3725; x_wconf 87' lang='lat' dir='ltr'><strong>uirtus</strong></span> <span class='ocrx_word' id='word_1_236' title='bbox 759 3659 851 3726; x_wconf 89' lang='lat' dir='ltr'><strong>unita</strong></span> <span class='ocrx_word' id='word_1_237' title='bbox 866 3661 1039 3745; x_wconf 89' lang='lat' dir='ltr'><strong>potentior,</strong></span> <span class='ocrx_word' id='word_1_238' title='bbox 1057 3669 1089 3727; x_wconf 89' lang='lat' dir='ltr'><strong>ct</strong></span> <span class='ocrx_word' id='word_1_239' title='bbox 1098 3666 1192 3727; x_wconf 88' lang='lat' dir='ltr'><strong>tanto</strong></span> <span class='ocrx_word' id='word_1_240' title='bbox 1203 3661 1247 3726; x_wconf 91' lang='lat' dir='ltr'><strong>ad</strong></span> <span class='ocrx_word' id='word_1_241' title='bbox 1256 3659 1478 3726; x_wconf 84' lang='lat' dir='ltr'><strong>liberationem</strong></span> 
     </span>
     <span class='ocr_line' id='line_1_32' title="bbox 364 3766 1480 3857; baseline 0 -27"><span class='ocrx_word' id='word_1_242' title='bbox 364 3772 453 3834; x_wconf 89' lang='lat' dir='ltr'><strong>terre</strong></span> <span class='ocrx_word' id='word_1_243' title='bbox 478 3766 624 3851; x_wconf 89' lang='lat' dir='ltr'><strong>predicte</strong></span> <span class='ocrx_word' id='word_1_244' title='bbox 650 3769 693 3835; x_wconf 87' lang='lat' dir='ltr'><strong>sit</strong></span> <span class='ocrx_word' id='word_1_245' title='bbox 709 3769 765 3834; x_wconf 84' lang='lat' dir='ltr'><strong>vie</strong></span> <span class='ocrx_word' id='word_1_246' title='bbox 781 3770 934 3852; x_wconf 90' lang='lat' dir='ltr'><strong>securior,</strong></span> <span class='ocrx_word' id='word_1_247' title='bbox 950 3771 994 3834; x_wconf 88' lang='lat' dir='ltr'><strong>sit</strong></span> <span class='ocrx_word' id='word_1_248' title='bbox 1009 3769 1215 3857; x_wconf 87' lang='lat' dir='ltr'><strong>oportunitas</strong></span> <span class='ocrx_word' id='word_1_249' title='bbox 1227 3819 1230 3822; x_wconf 85' lang='lat'>-</span> <span class='ocrx_word' id='word_1_250' title='bbox 1242 3767 1439 3854; x_wconf 86' lang='lat' dir='ltr'><strong>promptior,</strong></span> <span class='ocrx_word' id='word_1_251' title='bbox 1454 3770 1480 3830; x_wconf 87' lang='lat' dir='ltr'><strong>ct</strong></span> 
     </span>
     <span class='ocr_line' id='line_1_33' title="bbox 365 3863 1481 3962; baseline -0.002 -24"><span class='ocrx_word' id='word_1_252' title='bbox 365 3873 408 3938; x_wconf 86' lang='lat' dir='ltr'><strong>de</strong></span> <span class='ocrx_word' id='word_1_253' title='bbox 433 3875 493 3940; x_wconf 84' lang='lat' dir='ltr'><strong>illa</strong></span> <span class='ocrx_word' id='word_1_254' title='bbox 508 3876 579 3941; x_wconf 79' lang='lat' dir='ltr'><strong>Deo</strong></span> <span class='ocrx_word' id='word_1_255' title='bbox 605 3863 740 3960; x_wconf 86' lang='lat' dir='ltr'><strong>auspice</strong></span> <span class='ocrx_word' id='word_1_256' title='bbox 763 3895 840 3962; x_wconf 88' lang='lat' dir='ltr'><strong>spes</strong></span> <span class='ocrx_word' id='word_1_257' title='bbox 855 3877 977 3943; x_wconf 89' lang='lat' dir='ltr'><strong>certior</strong></span> <span class='ocrx_word' id='word_1_258' title='bbox 992 3875 1167 3943; x_wconf 88' lang='lat' dir='ltr'><strong>habeatur.</strong></span> <span class='ocrx_word' id='word_1_259' title='bbox 1185 3874 1336 3942; x_wconf 82' lang='lat' dir='ltr'><strong>Ceterum</strong></span> <span class='ocrx_word' id='word_1_260' title='bbox 1352 3879 1431 3943; x_wconf 88' lang='lat' dir='ltr'><strong>licet</strong></span> <span class='ocrx_word' id='word_1_261' title='bbox 1444 3872 1481 3938; x_wconf 83' lang='lat' dir='ltr'><strong>ud</strong></span> 
     </span>
     <span class='ocr_line' id='line_1_34' title="bbox 365 3983 1482 4054; baseline -0.003 -4"><span class='ocrx_word' id='word_1_262' title='bbox 365 3983 560 4051; x_wconf 86' lang='lat' dir='ltr'><strong>excitandos</strong></span> <span class='ocrx_word' id='word_1_263' title='bbox 576 3985 762 4051; x_wconf 87' lang='lat' dir='ltr'><strong>eorumdem</strong></span> <span class='ocrx_word' id='word_1_264' title='bbox 778 3984 923 4052; x_wconf 88' lang='lat' dir='ltr'><strong>fidelium</strong></span> <span class='ocrx_word' id='word_1_265' title='bbox 942 3985 1068 4052; x_wconf 89' lang='lat' dir='ltr'><strong>animos</strong></span> <span class='ocrx_word' id='word_1_266' title='bbox 1086 3987 1215 4054; x_wconf 83' lang='lat' dir='ltr'><strong>interra</strong></span> <span class='ocrx_word' id='word_1_267' title='bbox 1231 3995 1413 4053; x_wconf 87' lang='lat' dir='ltr'><strong>memorate</strong></span> <span class='ocrx_word' id='word_1_268' title='bbox 1422 4003 1482 4051; x_wconf 85' lang='lat' dir='ltr'><strong>suc-</strong></span> 
     </span>
     <span class='ocr_line' id='line_1_35' title="bbox 366 4081 1485 4180; baseline -0.006 -20"><span class='ocrx_word' id='word_1_269' title='bbox 366 4101 497 4160; x_wconf 82' lang='lat' dir='ltr'><strong>cursum</strong></span> <span class='ocrx_word' id='word_1_270' title='bbox 522 4093 673 4161; x_wconf 84' lang='lat' dir='ltr'><strong>sufficere</strong></span> <span class='ocrx_word' id='word_1_271' title='bbox 697 4093 818 4160; x_wconf 90' lang='lat' dir='ltr'><strong>debeat</strong></span> <span class='ocrx_word' id='word_1_272' title='bbox 843 4081 961 4162; x_wconf 81' lang='lat' dir='ltr'><strong>sollers</strong></span> <span class='ocrx_word' id='word_1_273' title='bbox 988 4097 1128 4162; x_wconf 80' lang='lat' dir='ltr'><strong>attentio</strong></span> <span class='ocrx_word' id='word_1_274' title='bbox 1154 4095 1399 4180; x_wconf 80' lang='lat' dir='ltr'><strong>premissorum,</strong></span> <span class='ocrx_word' id='word_1_275' title='bbox 1416 4095 1485 4157; x_wconf 89' lang='lat' dir='ltr'><strong>licet</strong></span> 
     </span>
     <span class='ocr_line' id='line_1_36' title="bbox 367 4199 1487 4289; baseline -0.004 -23"><span class='ocrx_word' id='word_1_276' title='bbox 367 4199 471 4286; x_wconf 85' lang='lat' dir='ltr'><strong>possit</strong></span> <span class='ocrx_word' id='word_1_277' title='bbox 485 4219 551 4265; x_wconf 90' lang='lat' dir='ltr'><strong>non</strong></span> <span class='ocrx_word' id='word_1_278' title='bbox 569 4201 634 4266; x_wconf 88' lang='lat' dir='ltr'><strong>indi</strong></span> <span class='ocrx_word' id='word_1_279' title='bbox 640 4221 702 4282; x_wconf 82' lang='lat' dir='ltr'><strong>gne</strong></span> <span class='ocrx_word' id='word_1_280' title='bbox 719 4205 859 4288; x_wconf 87' lang='lat' dir='ltr'><strong>sperari,</strong></span> <span class='ocrx_word' id='word_1_281' title='bbox 877 4201 1009 4285; x_wconf 87' lang='lat' dir='ltr'><strong>quodsi</strong></span> <span class='ocrx_word' id='word_1_282' title='bbox 1027 4203 1145 4269; x_wconf 87' lang='lat' dir='ltr'><strong>fideles</strong></span> <span class='ocrx_word' id='word_1_283' title='bbox 1165 4203 1275 4289; x_wconf 89' lang='lat' dir='ltr'><strong>iidem,</strong></span> <span class='ocrx_word' id='word_1_284' title='bbox 1293 4203 1357 4288; x_wconf 84' lang='lat' dir='ltr'><strong>quo</strong></span> <span class='ocrx_word' id='word_1_285' title='bbox 1373 4202 1487 4266; x_wconf 87' lang='lat' dir='ltr'><strong>debent</strong></span> 
     </span>
     <span class='ocr_line' id='line_1_37' title="bbox 366 4306 1487 4397; baseline -0.003 -25"><span class='ocrx_word' id='word_1_286' title='bbox 366 4306 501 4394; x_wconf 88' lang='lat' dir='ltr'><strong>pietatis</strong></span> <span class='ocrx_word' id='word_1_287' title='bbox 517 4310 623 4391; x_wconf 89' lang='lat' dir='ltr'><strong>oculo,</strong></span> <span class='ocrx_word' id='word_1_288' title='bbox 638 4317 759 4376; x_wconf 86' lang='lat' dir='ltr'><strong>terram</strong></span> <span class='ocrx_word' id='word_1_289' title='bbox 776 4311 914 4378; x_wconf 88' lang='lat' dir='ltr'><strong>eandem</strong></span> <span class='ocrx_word' id='word_1_290' title='bbox 930 4311 1167 4397; x_wconf 76' lang='lat' dir='ltr'><strong>respiciantsi</strong></span> <span class='ocrx_word' id='word_1_291' title='bbox 1184 4309 1226 4374; x_wconf 88' lang='lat' dir='ltr'><strong>ad</strong></span> <span class='ocrx_word' id='word_1_292' title='bbox 1255 4309 1487 4396; x_wconf 88' lang='lat' dir='ltr'><strong>persecutionis</strong></span> 
     </span>
     <span class='ocr_line' id='line_1_38' title="bbox 366 4416 1533 4502; baseline -0.002 -22"><span class='ocrx_word' id='word_1_293' title='bbox 366 4416 589 4502; x_wconf 82' lang='lat' dir='ltr'><strong>acerbitatem,</strong></span> <span class='ocrx_word' id='word_1_294' title='bbox 607 4437 703 4501; x_wconf 87' lang='lat' dir='ltr'><strong>quam</strong></span> <span class='ocrx_word' id='word_1_295' title='bbox 729 4427 817 4484; x_wconf 86' lang='lat' dir='ltr'><strong>terra</strong></span> <span class='ocrx_word' id='word_1_296' title='bbox 843 4419 959 4486; x_wconf 89' lang='lat' dir='ltr'><strong>eadem</strong></span> <span class='ocrx_word' id='word_1_297' title='bbox 975 4419 1137 4487; x_wconf 84' lang='lat' dir='ltr'><strong>continuis</strong></span> <span class='ocrx_word' id='word_1_298' title='bbox 1153 4419 1312 4485; x_wconf 89' lang='lat' dir='ltr'><strong>lacessita</strong></span> <span class='ocrx_word' id='word_1_299' title='bbox 1327 4417 1483 4484; x_wconf 88' lang='lat' dir='ltr'><strong>molestiis</strong></span> <span class='ocrx_word' id='word_1_300' title='bbox 1532 4465 1533 4470; x_wconf 29' lang='lat'>1</span> 
     </span>
     <span class='ocr_line' id='line_1_39' title="bbox 367 4524 1484 4612; baseline -0.002 -22"><span class='ocrx_word' id='word_1_301' title='bbox 367 4524 558 4591; x_wconf 83' lang='lat' dir='ltr'><strong>etdiutinis</strong></span> <span class='ocrx_word' id='word_1_302' title='bbox 584 4527 810 4593; x_wconf 82' lang='lat' dir='ltr'><strong>vexationibus</strong></span> <span class='ocrx_word' id='word_1_303' title='bbox 844 4529 971 4593; x_wconf 88' lang='lat' dir='ltr'><strong>lassata</strong></span> <span class='ocrx_word' id='word_1_304' title='bbox 1001 4528 1189 4612; x_wconf 81' lang='lat' dir='ltr'><strong>perpetitur,</strong></span> <span class='ocrx_word' id='word_1_305' title='bbox 1214 4535 1408 4592; x_wconf 87' lang='lat' dir='ltr'><strong>convertant</strong></span> <span class='ocrx_word' id='word_1_306' title='bbox 1435 4525 1484 4608; x_wconf 91' lang='lat' dir='ltr'><strong>pie</strong></span> 
     </span>
     <span class='ocr_line' id='line_1_40' title="bbox 367 4635 1486 4722; baseline -0.004 -22"><span class='ocrx_word' id='word_1_307' title='bbox 367 4635 604 4722; x_wconf 82' lang='lat' dir='ltr'><strong>compassionis</strong></span> <span class='ocrx_word' id='word_1_308' title='bbox 632 4635 791 4721; x_wconf 88' lang='lat' dir='ltr'><strong>intuitum,</strong></span> <span class='ocrx_word' id='word_1_309' title='bbox 818 4637 1071 4720; x_wconf 87' lang='lat' dir='ltr'><strong>discriminaque</strong></span> <span class='ocrx_word' id='word_1_310' title='bbox 1098 4636 1317 4720; x_wconf 88' lang='lat' dir='ltr'><strong>considerent,</strong></span> <span class='ocrx_word' id='word_1_311' title='bbox 1335 4641 1415 4718; x_wconf 86' lang='lat' dir='ltr'><strong>&#39;que</strong></span> <span class='ocrx_word' id='word_1_312' title='bbox 1431 4652 1486 4719; x_wconf 89' lang='lat' dir='ltr'><strong>per</strong></span> 
     </span>
    </p>
   </div>
   <div class='ocr_carea' id='block_1_5' title="bbox 1526 5007 1531 5119">
    <p class='ocr_par' dir='ltr' id='par_1_5' title="bbox 1526 5007 1531 5119">
     <span class='ocr_line' id='line_1_41' title="bbox 1526 5007 1531 5119; baseline 0 0"><span class='ocrx_word' id='word_1_313' title='bbox 1526 5007 1531 5119; x_wconf 86' lang='lat' dir='ltr'><strong>l</strong></span> 
     </span>
    </p>
   </div>
   <div class='ocr_carea' id='block_1_6' title="bbox 0 0 1587 5166">
    <p class='ocr_par' dir='ltr' id='par_1_6' title="bbox 0 0 1587 5166">
     <span class='ocr_line' id='line_1_42' title="bbox 0 0 1587 5166; baseline 0 0"><span class='ocrx_word' id='word_1_314' title='bbox 0 0 1587 5166; x_wconf 95' lang='lat' dir='ltr'><strong> </strong></span> 
     </span>
    </p>
   </div>
  </div>
 </body>
</html>
