3142 5164
826 326 975 430 ...1.te...

333 527 367 594 in
392 521 544 590 domibus
569 523 639 591 solo
654 523 747 606 fixis,
764 531 799 590 ct
823 546 865 592 cx
880 527 928 594 cis
944 521 1131 606 baptizatos
1154 522 1324 606 potissime
1341 523 1385 589 ad
1402 521 1458 589 de·

334 633 542 702 structionem
568 640 699 713 cogeret
725 633 918 718 ydolorum,
950 631 1074 697 nullum
1100 629 1201 696 etiam
1216 629 1390 713 infidelem,
1407 630 1460 694 rel

335 760 431 825 quem
448 741 548 806 sciret
565 741 903 810 excommunicatione
919 739 1067 824 ligatum,
1079 739 1115 804 iu
1126 735 1311 806 Oilicialem
1322 738 1461 820 Regium

335 850 388 916 rel
414 848 613 914 familiarem
639 848 848 930 admitteret,
874 849 963 932 quod
985 858 1053 916 tam
1069 847 1102 914 in
1118 865 1155 912 se
1171 866 1269 930 quam
1284 846 1404 914 inillis
1419 845 1462 910 de

335 960 449 1042 Regno
466 956 554 1024 dicto
564 1003 574 1038 ,
591 956 725 1024 dimisso
742 979 948 1044 paganorum
963 957 1079 1042 abusu,
1095 963 1276 1022 resumeret
1296 952 1461 1020 Christia-

336 1085 449 1133 uorum
466 1063 626 1146 hobitum,
643 1069 711 1130 tam
729 1065 760 1130 in
778 1065 936 1150 restibus,
954 1085 1051 1149 quam
1068 1065 1210 1149 capillis,
1229 1065 1396 1132 Cumanos
1412 1062 1460 1127 in·

335 1193 435 1259 super
452 1173 625 1240 restituere
651 1177 850 1241 monasterio
875 1183 908 1242 et
925 1175 1087 1241 ecclesias
1103 1179 1266 1258 occupata
1282 1191 1342 1256 per
1359 1171 1458 1255 ipsos,

336 1302 375 1348 ac
391 1288 562 1368 apostatos
587 1281 667 1348 dicti
683 1283 791 1368 Regni
807 1284 853 1350 ad
874 1283 1005 1350 ordines
1021 1281 1127 1350 redire
1143 1281 1370 1366 compelleret,
1388 1297 1459 1344 cum

336 1391 379 1458 ab
396 1409 508 1458 eorum
523 1389 664 1458 Prelatis
691 1391 848 1460 existeret
863 1392 1061 1476 requisitus,
1085 1399 1119 1458 et
1133 1389 1275 1473 quedam
1293 1387 1362 1454 alia
1377 1386 1459 1453 dirc-

336 1499 477 1568 ctionem
494 1499 599 1584 Regni
616 1506 648 1564 ct
664 1499 807 1566 salutem
826 1500 1032 1566 continentia
1049 1505 1155 1566 status
1171 1497 1277 1582 Regii,
1296 1513 1408 1563 coram
1423 1496 1457 1560 li·

336 1627 401 1694 guo
426 1607 530 1673 crucis
556 1608 766 1693 solempniter·
782 1607 814 1671 in
831 1607 938 1674 Alteri
955 1607 1073 1693 primo,
1090 1607 1256 1674 etiterum
1273 1605 1379 1688 Regia
1395 1601 1457 1668 lide

287 1762 288 1765 κ
337 1715 417 1782 data
433 1715 600 1799 ngarico
616 1736 706 1782 more
732 1714 861 1782 iuravit.
889 1715 931 1780 Et
945 1717 1026 1782 dum
1051 1721 1296 1797 expectaretur,
1322 1712 1411 1796 quod
1426 1709 1458 1774 in

310 1907 312 1912 Ι
336 1823 521 1892 huiusmodi
547 1824 716 1908 proposito
745 1823 883 1890 solutari
900 1831 1140 1907 concresceret,
1158 1821 1307 1907 predicta
1322 1821 1373 1888 sic
1388 1837 1458 1904 pre·

335 1931 438 1998 missa
453 1931 575 2017 pluries
592 1937 626 1997 et
636 1930 742 1998 iurata
758 1951 818 2015 per
834 1930 1074 2000 (telsitudinem
1091 1931 1228 2013 Regiam
1245 1949 1311 1998 uon
1323 1929 1459 2008 luerunt,

335 2037 529 2124 prohdolor,
557 2045 591 2106 ut
615 2039 835 2124 sperabatur,
852 2041 1010 2126 impleta,
1027 2059 1224 2124 quamquam
1241 2039 1459 2106 Cumanorum
1552 2081 1553 2128 ,

335 2146 440 2214 nuntii
465 2151 573 2214 certos
597 2149 802 2232 recepissent
828 2156 861 2216 et
890 2147 1306 2234 appobassenturticulos,
1322 2165 1388 2214 uno
1404 2163 1458 2210 ex·
1552 2185 1553 2188 =

337 2260 445 2341 cepio,
461 2255 617 2322 videlieet
627 2254 672 2321 dc
689 2255 799 2322 barbis
815 2255 971 2322 radendis
989 2263 1022 2322 et
1038 2256 1183 2324 crinibus
1199 2253 1399 2340 breviandis,
1415 2253 1460 2320 ud
1552 2335 1553 2338 Ἴ

336 2363 424 2448 quod
439 2365 539 2448 Rege,
557 2363 699 2430 Prelatis
717 2371 750 2429 et
764 2365 952 2434 Beronibus
968 2364 1076 2446 Regni
1091 2363 1232 2450 predicti
1246 2363 1388 2432 cundem
1400 2361 1458 2428 Le·
1552 2365 1553 2406 ἑ

335 2477 448 2558 gutum
464 2470 703 2553 inducentibus,
717 2471 884 2538 Celsitudo
895 2472 1002 2554 Regia
1022 2472 1130 2540 eidem
1145 2475 1284 2559 Legato,
1298 2469 1387 2556 quod
1403 2491 1460 2538 ec-
1552 2527 1553 2562 ξ

335 2589 407 2648 tera
422 2581 492 2648 elia
508 2580 634 2648 servari
650 2580 784 2664 faceret,
804 2581 963 2668 promisit,
981 2584 1145 2651 Coronam
1160 2587 1193 2648 et
1203 2583 1349 2667 Regnum
1366 2599 1459 2647 suum

335 2696 470 2773 propter
486 2688 550 2756 hoc
566 2687 756 2772 specialiter
767 2687 957 2772 obligando.
968 2690 1011 2756 Et
1021 2689 1224 2776 postmodum
1239 2711 1300 2778 pro
1311 2710 1361 2772 eo,
1371 2685 1460 2772 quod
1552 2705 1553 2732 ³

336 2797 504 2864 (territurio
530 2797 637 2880 Regia
662 2799 843 2883 premissa,
870 2817 932 2882 que
957 2801 1151 2884 promiserat
1176 2807 1208 2868 et
1231 2801 1409 2884 iuraverat,
1424 2805 1462 2862 ut

200 2979 205 2995 ἵ
335 2905 534 2990 predicitur,
560 2905 743 2994 adimplere
764 2907 956 2991 distulerat,
984 2927 1021 2974 sc
1037 2908 1181 2992 graviter
1197 2908 1376 2992 deliquisse
1401 2906 1460 2972 iru-

335 3012 404 3082 mili
420 3013 537 3100 spiritu
552 3034 806 3100 recognoscens,
823 3017 942 3084 iterum
959 3035 1031 3084 cum
1049 3017 1251 3102 obligatione
1277 3016 1376 3082 simili
1400 3034 1463 3102 per

333 3141 465 3190 manum
489 3123 639 3190 dextram
666 3125 771 3210 Regia
786 3123 850 3192 fide
876 3123 975 3211 data,
996 3123 1162 3210 Ungarico
1179 3145 1279 3210 more,
1295 3125 1460 3209 similiter,
1552 3181 1553 3184 ,

247 3255 248 3258 “
334 3235 369 3296 ct
383 3228 491 3298 denuo
507 3248 545 3297 se
562 3231 902 3310 excommunicatum,
918 3240 952 3298 et
969 3233 1116 3317 Regnum
1134 3251 1229 3304 suum
1245 3243 1382 3320 propter
1398 3233 1462 3300 hoc

333 3337 419 3404 iuste
436 3337 608 3406 interdicto
627 3340 731 3408 icisse
748 3339 955 3426 suppositum
972 3359 1224 3428 recognoscens,
1233 3342 1331 3408 tactis
1348 3360 1461 3409 sacro·
1552 3353 1553 3366 ³

334 3445 457 3514 sanctis
474 3446 655 3530 euangeliis
674 3447 804 3532 iuravit,
823 3453 856 3514 ct
866 3449 1082 3516 renuntiando
1098 3450 1390 3536 appellationibus,
1407 3470 1464 3516 ex·
1552 3533 1553 3540 ἵ

334 3554 554 3639 emptionibus
571 3563 603 3624 et
623 3557 923 3642 impugnationibus
940 3559 1159 3643 quibuslibet,
1184 3557 1333 3644 promisit
1358 3559 1465 3626 ctiam

333 3663 470 3749 implero
493 3682 553 3748 per
578 3665 691 3734 cronia
706 3665 921 3750 supradicta:
940 3667 1000 3735 sed
1017 3688 1078 3736 nce
1093 3668 1176 3752 hiis,
1202 3687 1267 3734 non
1284 3666 1358 3733 sine
1383 3675 1466 3734 nota
1552 3703 1553 3734 r

333 3769 430 3854 Regii
444 3771 594 3856 nominis,
616 3778 713 3857 prout
731 3772 850 3858 decuit,
872 3776 1067 3862 obseruatis,
1087 3775 1243 3844 miramur
1259 3781 1292 3840 et
1307 3775 1465 3844 mirando
1552 3813 1553 3850 ;

333 3875 528 3946 celsitudini
541 3881 646 3964 Regio
661 3883 875 3968 compatimur
891 3891 924 3950 et
943 3883 1179 3970 compaciendo
1195 3883 1355 3968 dolemus,
1371 3885 1468 3967 quod

333 4003 370 4052 so
386 3983 507 4053 famam
523 3989 657 4073 Regalis
675 3989 816 4056 nominis
831 3991 1065 4078 reprehensive
1082 3993 1307 4062 inconstantia
1323 3993 1358 4060 in
1369 3993 1467 4061 Prin·

334 4091 409 4177 cipe
433 4095 575 4160 maxime
600 4097 742 4166 lacerari
757 4100 955 4170 remensibus
971 4092 1173 4188 negligente,
1186 4120 1229 4169 ac
1244 4101 1279 4168 iu
1294 4101 1403 4170 uetita
1419 4108 1468 4168 to·

332 4198 420 4267 tiens
436 4219 501 4266 nou
516 4205 586 4270 sine
602 4205 668 4270 Dei
683 4203 810 4274 offensa
830 4214 865 4276 et
884 4209 1107 4276 inconstantia
1123 4209 1262 4278 notabili
1277 4211 1471 4296 relabente,

333 4307 488 4394 predicta
504 4309 553 4378 sic
568 4330 627 4394 per
644 4332 680 4379 se
697 4314 805 4382 iurata
820 4317 952 4403 totiens,
969 4325 1002 4385 et
1021 4319 1183 4404 premissa
1199 4325 1233 4386 st
1247 4319 1470 4403 obligationi·

332 4417 394 4484 bus
410 4417 575 4503 roborata,
592 4439 633 4486 nc
649 4420 817 4504 dicamus,
844 4432 1030 4512 contempta
1045 4428 1254 4512 reperiuntur
1269 4429 1411 4497 omissa.
1428 4433 1474 4498 Et

332 4523 464 4594 domum
473 4525 595 4613 audito,
608 4531 690 4610 quod
698 4531 975 4620 celsitudoRegia
985 4555 1021 4602 se
1031 4535 1213 4624 improvido
1223 4538 1474 4624 appellationis

330 4632 471 4722 refugio,
487 4634 586 4704 immo
601 4637 708 4721 potius
724 4638 861 4726 diffugio
885 4644 1104 4729 commiserat,
1129 4651 1162 4712 et
1176 4653 1330 4731 pretextu
1344 4652 1472 4736 appel-
