3142 5170
585 309 737 408 aaa.

106 509 195 592 gued,
208 507 290 575 duas
301 508 409 574 willas
421 507 563 586 Onoohe,
577 514 610 572 et
626 507 837 594 Beruenyohe
852 511 985 574 nooutns
1002 507 1034 572 in
1051 507 1213 576 Comitatn

106 619 143 684 de
154 619 282 700 Posega
292 613 700 702 exhistentes‚abu(o)dem
711 635 992 699 renouaueramns,
1003 621 1035 680 et
1044 633 1212 699 reoepera·

107 745 186 808 mos,
199 732 232 790 et
247 727 326 808 qnia
336 727 437 790 eniam
452 725 615 806 qnondam
626 726 825 792 tauarnionm
843 731 998 806 nostrum,
1008 723 1143 790 Paulum
1161 742 1212 788 no·

105 835 199 917 mine,
212 833 338 900 fenerat
347 831 499 898 interimi.
512 833 619 900 Wnde
629 853 688 901 nos
698 853 797 921 super
807 833 972 918 premissis
983 832 1130 900 omnibns
1148 849 1213 896 oer-

104 941 262 1007 tooeroins
279 960 386 1006 snmus
402 943 548 1025 experti,
565 947 600 1007 nt
616 942 677 1008 heo
693 943 801 1008 omnia
818 961 858 1008 er
886 942 954 1028 odij
971 940 1083 1008 fomite
1102 945 1214 1007 eontra

103 1049 237 1116 eundem
253 1050 385 1116 fuerant
395 1058 517 1134 exorta,
530 1060 565 1117 nt
585 1052 754 1118 eundemu
770 1058 880 1120 nostro
896 1052 1035 1119 sernioio
1051 1050 1110 1116 sub
1127 1049 1213 1116 malo

103 1160 170 1224 zelo
188 1160 314 1242 possint
329 1177 492 1244 separare,
508 1161 649 1226 seientes
667 1159 802 1227 eundem
818 1180 892 1228 esse
916 1159 1089 1226 immunem
1106 1159 1138 1222 in
1155 1155 1214 1223 hoo

102 1267 188 1330 laeto
205 1274 238 1332 et
253 1268 437 1348 mnostrum,
449 1272 483 1331 et
498 1266 573 1332 linet
593 1269 677 1334 idem
689 1270 809 1334 Paulus
820 1267 983 1355 prediotus
993 1268 1107 1334 merito
1117 1267 1214 1334 luerit

104 1375 407 1457 interfectuswxori
418 1383 451 1440 et
460 1375 591 1458 agnatis
603 1376 747 1442 eiusdem
759 1379 853 1444 Pauli
864 1377 1025 1444 interfecti
1035 1377 1213 1443 seeundum

100 1483 299 1548 sentenciam
316 1485 492 1549 Barronnm
511 1491 690 1551 nostrorum
709 1485 880 1551 satisfecit.
899 1483 993 1551 Unde
1008 1483 1215 1552 attendentes

101 1601 201 1658 totam
227 1593 331 1676 ipsius
357 1591 550 1658 fidelitatem
577 1600 609 1658 et
625 1594 771 1677 seruioia,
791 1613 851 1678 qne
868 1594 962 1661 nobis
980 1614 1000 1658 a
1016 1594 1112 1677 longo
1130 1589 1214 1659 tam'-

99 1717 177 1782 pore
195 1702 398 1784 inpenderat,
415 1701 596 1786 predictam
614 1703 736 1768 willam
747 1701 871 1788 chely,
884 1710 950 1770 tres
965 1703 1073 1768 willas
1089 1701 1214 1785 Dobza',

100 1817 130 1871 et
156 1809 265 1875 willae
289 1809 499 1902 Berzenyohe
526 1819 559 1874 et
585 1809 721 1877 Ouaoha
737 1812 922 1878 nominatas
938 1810 1102 1878 reddimus
1119 1817 1151 1875 et
1166 1827 1214 1876 re·

98 1917 259 1985 stitnimns
277 1918 385 1984 eidem
402 1939 443 1985 ex
459 1921 624 1985 uoluntate
641 1919 700 2006 filij
718 1922 819 1990 nostri
835 1920 1016 2003 karissimi,
1034 1919 1130 2003 pleno
1146 1919 1215 1984 iura

98 2031 257 2111 perpetuo
274 2027 306 2090 in
323 2025 406 2091 tilios
433 2025 570 2091 filiorum
597 2025 827 2112 possidendam
844 2027 1115 2108 inenodabiliter,
1134 2024 1216 2094 siout

100 2134 343 2199 contuleramus
359 2133 402 2198 ab
418 2137 550 2216 antiquo
560 2187 569 2221 ,
596 2155 667 2201 unm
694 2138 843 2203 omnibns
862 2136 1056 2204 utilitatibus
1073 2141 1107 2201 st
1121 2133 1215 2221 porti·

97 2239 226 2326 nenoijs
254 2239 437 2309 wniuersis.
464 2243 519 2308 Wt
542 2263 677 2329 presens
703 2245 841 2313 donatio
865 2245 961 2312 robur
981 2245 1128 2311 obtineat
1142 2261 1211 2328 per-¹

98 2355 198 2433 potue
215 2349 387 2432 firmitatis,
400 2358 571 2436 presentes
584 2353 802 2420 oonoessimus
819 2353 944 2419 litteras
960 2351 1101 2437 dupliois
1112 2349 1213 2434 sigilli

95 2457 275 2524 munimine
299 2460 481 2525 roboratas.
508 2461 627 2528 Datum
653 2482 712 2547 per
737 2481 851 2528 manns
876 2461 1023 2546 magistri
1038 2458 1212 2542 Laurenuij

94 2567 261 2651 Propositi
285 2565 328 2634 de
343 2568 493 2652 Pompa,
521 2572 598 2637 aule
613 2577 723 2638 nostre
740 2569 1040 2654 Vioe-Ounoellarij‚
1057 2567 1165 2635 dilauti
1183 2571 1215 2632 ot

92 2673 202 2741 fidelis
219 2676 332 2754 nostri,
348 2697 434 2744 anno
450 2681 562 2762 grauis
579 2680 628 2745 Μ0
645 2680 715 2749 00⁰
731 2681 951 2766 ootnagesimo
968 2685 1093 2744 octauo.

203 2873 315 2940 Jequet.
333 2871 357 2925 E
379 2869 558 2944 bdrhtrtydn
580 2873 642 2929 kalt
655 2874 810 2948 Kisfaludy
824 2871 935 2934 Sindos
947 2870 1152 2948 pdlddnyduak
1165 2867 1214 2924 hd·

95 2963 156 3019 tdra
170 2979 189 3018 a
203 2961 282 3015 xlv.
296 2960 413 3018 sndzudi
426 2961 480 3019 kdz
493 2963 594 3021 eneket
606 2962 663 3022 irta
677 2987 683 3021 :
709 2967 823 3039 „Litora
843 2966 1040 3039 priuilegyalis
1053 2981 1140 3035 super
1152 2977 1215 3034 pos·

94 3053 225 3109 sessione
238 3051 480 3126 Ralmanohehy.“
497 3053 622 3113 Mdsolta
635 3055 749 3115 Horvdt
762 3056 868 3115 lstvdn.
889 3045 970 3128 ldrdp.
