3142 5164
802 319 960 432 2¹}-

312 523 379 593 nici
395 523 519 592 babent
533 521 599 591 duo
625 519 835 607 molendina,
862 526 895 590 et
910 521 961 588 sio
983 517 1185 588 terminatur.
1211 516 1334 584 Datum
1353 533 1440 584 anno

314 634 429 718 gracie
444 633 494 702 Μο
509 631 580 702 00⁰
596 629 708 698 LXX⁰
723 649 819 698 nono.

314 825 405 902 (Mdtd
418 826 509 884 nddor
529 843 702 900 ngyanauon
716 825 762 883 evi
776 823 992 899 ckmdnydbdl,
1015 825 1151 896 molynsk
1165 826 1233 898 igan
1257 819 1442 898 megrcugdlt

360 919 489 976 credetis
501 919 651 978 taldltatilr
664 935 681 974 a
695 916 821 976 namneti
834 934 966 973 museum
979 915 1101 973 keairati
1113 911 1403 989 gydjtcmdnyeben.)

746 1189 836 1198 -——--
864 1192 964 1201 —.--..-
975 1195 1012 1202 -ο-

844 1747 920 1816 128.
1031 1765 1033 1769 ’

315 1951 375 2017 IV.
387 1947 504 2016 Lecto
517 1947 627 2034 kirdly
643 1947 771 2012 Paakaa
778 1946 1123 2035 pozaoayiprdpcstoalc
1132 1945 1368 2032 adomdayoazc
1378 1945 1442 2012 szt-

320 2060 436 2143 a'mcsat,
447 2054 670 2142 ltdlufaje‘bcu,
681 2055 761 2144 boqy
771 2056 802 2120 δι
812 2055 915 2142 Folcp
926 2058 1032 2142 pdpai
1047 2053 1180 2120 ladoetlcl
1189 2053 1335 2118 bibaces.
1348 2054 1442 2120 1280.

425 2253 606 2322 Ladizlaus
634 2251 698 2320 Dei
725 2251 841 2336 gracia
865 2250 1055 2340 Hungaric,
1083 2251 1270 2338 Dalmacie,
1296 2251 1444 2336 Croucie,

316 2363 440 2446 Rama,
458 2361 575 2429 Seruis
585 2411 594 2444 ,
612 2360 777 2447 Gallicis,
794 2361 1010 2444 Lodomcrie,
1028 2358 1189 2429 Cumanis
1199 2411 1209 2447 ,
1225 2361 1444 2446 Bulgarieque

317 2473 388 2537 Rex
403 2469 567 2538 vniuersis
583 2469 707 2537 Christi
723 2467 875 2538 fidelibus
900 2468 1221 2556 presentesliuerar
1247 2469 1444 2554 inspecturis

317 2581 458 2646 salutem
474 2580 507 2646 in
524 2597 574 2664 eo,
591 2579 648 2664 qui
675 2577 823 2664 Regibus
850 2576 908 2643 dat
924 2579 1074 2645 salutem.
1102 2579 1222 2645 Eorum
1247 2577 1350 2662 digne
1365 2577 1444 2664 peti-

318 2687 465 2753 cionibus
491 2687 727 2755 condescendit
743 2685 849 2771 Regia
866 2686 1055 2772 celsitudo,
1081 2707 1219 2773 quorum
1235 2683 1320 2752 fides
1345 2693 1377 2752 et
1392 2685 1444 2752 de·

317 2795 413 2862 uocio
430 2799 529 2864 certis
555 2795 743 2862 claruerunt
759 2795 968 2881 experieucie
984 2796 1207 2880 documentis,
1236 2794 1360 2878 quique
1383 2795 1444 2860 Re-

318 2903 381 2988 giis
397 2903 589 2971 ministeriis
614 2903 683 2990 iugi
709 2903 888 2969 famulatus
915 2905 1073 2988 obsequio
1093 2903 1220 2988 absque
1245 2903 1446 2969 uariacionis

318 3018 400 3080 nota
415 3009 629 3079 dinoscuntur
655 3011 857 3080 sinceritatis
873 3011 984 3078 studio
1010 3009 1194 3080 adhesissc.
1212 3011 1265 3077 Ad
1279 3011 1446 3078 uniuerso·

317 3139 390 3184 rum
406 3118 507 3204 igitur
532 3121 688 3187 noticiam
713 3125 825 3188 tenore
849 3121 1057 3206 presencium
1083 3123 1236 3188 volumus
1262 3118 1447 3206 peruenire,

319 3225 408 3312 quod
424 3229 598 3296 recensitis
614 3227 794 3297 laudabilis
809 3229 888 3296 fidei
905 3230 1048 3313 puritate
1064 3229 1236 3312 solideque
1253 3225 1445 3296 deuocionis

318 3334 478 3402 famulatu
494 3337 608 3405 dilecti
624 3343 658 3406 et
682 3335 792 3404 fidelis
809 3337 912 3404 nostri
939 3335 1089 3421 magistri
1103 3337 1258 3421 Pascasij
1284 3337 1446 3422 Prepositi

319 3443 552 3529 Posoniensis,
570 3445 688 3529 quibus
703 3445 792 3511 idem
807 3449 917 3512 nostre
933 3463 970 3511 se
988 3443 1186 3512 celsitudini
1207 3443 1389 3513 dinoscitur
1403 3443 1446 3512 ab
1553 3521 1554 3527 η

321 3571 383 3620 eno
399 3559 512 3620 nostre
537 3553 682 3640 puericie
705 3551 849 3620 fideliter
873 3551 1073 3639 dedicasse,
1100 3553 1357 3621 considerantes
1381 3573 1447 3620 ma-

319 3661 419 3748 xime,
436 3661 523 3744 qnod
540 3661 627 3728 idem
644 3661 837 3746 Propositus
864 3661 949 3728 inter
964 3659 1033 3728 alia
1055 3659 1226 3729 fidelitatis
1253 3679 1314 3729 suc
1329 3659 1447 3748 studia,

322 3789 386 3852 qne
402 3768 436 3835 in
453 3770 602 3838 omnibus
630 3769 751 3837 nostris
768 3773 802 3836 et
817 3769 922 3852 Regni
938 3769 1044 3835 nostri
1066 3767 1205 3854 agendis
1222 3788 1282 3836 sue
1298 3773 1448 3838 commis·

319 3877 366 3944 sis
382 3877 460 3944 fidei
478 3877 691 3946 laudabiliter
707 3875 857 3946 exhibuit
874 3883 907 3944 et
924 3877 1102 3965 impendit.
1119 3877 1154 3944 in
1170 3877 1311 3964 negocio
1328 3899 1448 3947 recon-
1552 3951 1553 3964 ,

320 3983 505 4051 ciliccionis
521 3991 632 4054 nostre
649 4005 724 4053 cum
741 3985 924 4054 venerabili
947 3993 1043 4071 patre
1060 3985 1194 4055 domino
1210 3987 1364 4075 Philippo
1381 3989 1451 4054 Fir·

320 4109 419 4158 manc
443 4091 631 4180 Episcopo,
667 4093 861 4178 Apostolice
886 4091 983 4161 Sedis
1011 4091 1137 4180 Legata
1163 4099 1294 4181 gratnm
1320 4095 1393 4162 Deo
1419 4103 1452 4164 et

319 4199 415 4266 nobis
430 4201 562 4284 prebuit
578 4201 781 4286 famulatum,
799 4199 997 4270 «reducendo
1012 4219 1074 4269 nos
1089 4201 1250 4271 industrie
1265 4223 1327 4272 sue
1342 4205 1448 4271 moni·
1551 4291 1552 4296 ἵ

319 4309 363 4375 tis
379 4314 412 4375 ct
435 4307 690 4380 iuduccionibus
717 4311 918 4380 salutaribus
935 4331 1008 4377 cum
1034 4309 1149 4378 codem
1175 4310 1307 4380 domino
1323 4313 1451 4396 Legato
1551 4297 1552 4304 ἵ

320 4411 363 4480 ad
388 4416 482 4500 pacis
517 4423 551 4484 et
576 4419 750 4488 concordie
786 4419 966 4505 unitatem;
999 4437 1061 4487 nos
1086 4417 1311 4506 peticionibus
1346 4421 1452 4506 ipsius

318 4523 482 4609 Propositi
499 4531 533 4593 et
548 4527 725 4596 meritoriis
753 4527 924 4613 obsequiis
939 4525 1124 4596 liberaliter
1150 4527 1322 4614 inclinati,
1348 4548 1452 4614 quan-

319 4631 395 4698 dam
420 4637 544 4701 terram
571 4637 789 4704 castrensium
815 4637 922 4704 castri
951 4637 1060 4704 nostri
1084 4637 1299 4707 Posoniensis
1316 4637 1456 4706 Zelincb
1550 4659 1551 4680 ¹
