3142 5164
664 937 740 1004 tta.

136 1131 231 1196 Mete
245 1131 349 1198 nudor
365 1131 575 1215 detrimenta,
598 1131 681 1221 moly
696 1159 717 1200 a
731 1135 877 1206 barczold
893 1139 1100 1206 adconmokok
1115 1144 1184 1228 cepi
1199 1167 1253 1210 aaa

473 1238 627 1327 badenith
642 1245 827 1329 maperdatti.
847 1247 942 1312 1282.

249 1439 318 1504 Nos
334 1437 376 1502 Μ.
394 1437 565 1504 Palatinus
582 1436 699 1507 Comes
716 1441 936 1528 Poscniensis,
956 1443 1197 1529 Soproniensis,
1214 1445 1264 1514 Si-

134 1545 329 1629 mighiensis
346 1551 379 1610 et
395 1543 505 1612 index
531 1543 750 1615 Cumanorum
777 1553 891 1617 tencre
908 1551 1115 1638 presencium
1141 1551 1263 1638 signifi·

136 1673 262 1730 camus,
279 1653 397 1736 quibus
414 1652 549 1738 expedit
565 1654 727 1720 universis
745 1679 752 1720 :
772 1656 861 1740 quod
880 1657 939 1726 filii
956 1659 1117 1726 Comitum
1133 1659 1262 1729 Udrar·

135 1763 285 1828 uicorum
303 1757 347 1825 ad
363 1769 508 1828 nostram
524 1761 720 1829 accedentes
737 1766 941 1846 presenciam
959 1765 1158 1832 retulerunt:
1176 1768 1263 1852 quod

136 1889 212 1934 cum
238 1869 332 1935 iuxta
358 1869 528 1952 antiquam
555 1875 588 1935 et
611 1867 829 1957 approbatam
855 1874 1036 1941 libertatem
1063 1893 1173 1940 eorum
1202 1875 1262 1943 sub

136 1976 261 2044 vexillo
279 1977 402 2059 Regio,
433 1985 598 2060 tamquam
617 1979 762 2060 Regulus
780 1982 960 2047 servientes
987 1985 1190 2048 exercituare
1207 1983 1259 2050 de·

140 2086 299 2160 buimont,
318 2091 351 2150 et
367 2085 412 2152 ad
428 2086 631 2170 presenciam
647 2086 792 2153 Palatini
809 2087 871 2155 sub
890 2091 1073 2155 testimonio
1099 2089 1261 2173 capitulo-

138 2211 207 2257 rum
225 2227 269 2238 -
285 2193 425 2258 aliorum
442 2193 588 2259 locorum
608 2195 872 2262 conventualium
892 2233 923 2242 -
938 2196 970 2261 in
988 2197 1140 2263 omnibus
1152 2198 1263 2266 causis

136 2334 181 2347 —
200 2305 233 2365 et
249 2320 315 2366 non
341 2319 400 2384 per
427 2301 599 2385 generales
625 2302 812 2386 prestaldos
831 2301 1091 2372 Udrarnicornm
1109 2307 1262 2390 evocari3

134 2427 224 2474 nunc
244 2413 321 2494 post
345 2415 480 2475 mortem
506 2401 606 2492 Regis
633 2411 794 2497 Stephani
820 2412 935 2479 inclite
959 2414 1202 2481 recordacionis
1229 2413 1262 2479 in

133 2517 205 2581 suis
222 2514 430 2582 libertatibus
456 2515 625 2599 plurimum
643 2529 755 2586 essent
771 2527 887 2588 contra
912 2521 1075 2589 iusticiam
1093 2523 1257 2608 agravati,

133 2629 290 2708 petentes
316 2624 576 2710 instantissime,
604 2634 639 2692 ut
656 2627 746 2711 ipsos
771 2629 916 2695 libertati
933 2648 1043 2695 eorum
1070 2629 1203 2713 antique
1230 2639 1263 2697 et

134 2733 323 2818 approbate
339 2734 586 2800 restitueremus
604 2735 763 2818 equitatis
780 2735 1076 2819 graciasvadente.
1092 2737 1262 2805 Sciscitari

134 2839 301 2924 siquidem
311 2891 320 2926 ,
339 2847 373 2907 et
390 2841 564 2910 certificari
583 2843 730 2909 volentes
741 2893 749 2926 ‚
774 2853 877 2910 utrum
896 2845 993 2912 dictis
1011 2863 1121 2910 eornm
1137 2843 1261 2911 veritas

132 2950 167 3014 in
184 2950 250 3016 bac
274 2955 369 3035 parte
394 2949 593 3034 suffragetur
619 2971 678 3018 nec
705 2971 769 3036 ne,
796 2952 949 3019 scivimus
976 2959 1010 3018 et
1035 2953 1261 3038 comperimus,

132 3059 224 3142 qnod
250 3057 312 3144 ipsi
337 3058 396 3125 filii
422 3057 580 3126 (lomitnm
609 3057 868 3127 Udvarnicorum
890 3061 989 3146 juxta
1015 3059 1262 3127 ordinacionem

131 3165 343 3234 Serenissimi
360 3167 462 3249 Regis
478 3167 640 3251 Stephani
656 3168 716 3236 snb
735 3169 857 3234 vexillo
873 3169 975 3253 Regio
992 3168 1197 3238 exercituare
1214 3173 1260 3234 te-

132 3283 301 3360 nerentur,
317 3274 399 3341 sicut
414 3275 558 3360 ipsorum
573 3275 710 3340 libertas
727 3277 916 3358 requirebat
941 3277 1076 3358 antiqua
1094 3283 1126 3342 et
1142 3296 1259 3363 appro-

132 3384 227 3466 bata,
245 3391 278 3448 et
295 3383 340 3449 ad
365 3383 567 3469 presenciam
584 3382 727 3447 Palatini
745 3401 816 3449 cum
846 3383 1035 3448 testimonio
1053 3381 1200 3468 Capituli
1219 3383 1261 3447 ci·

131 3492 209 3558 tari.
226 3493 295 3558 Nos
312 3491 424 3574 itaque
441 3490 571 3559 eosdem
584 3490 672 3560 tilios
688 3490 851 3556 Comitum
863 3489 1126 3574 Udvarnicorum
1143 3490 1176 3554 in
1192 3489 1261 3556 suis

131 3601 348 3670 libertatibus
365 3601 479 3666 illesos
507 3617 702 3667 conservare
720 3579 1054 3683 cupientes'libertati
1071 3616 1184 3666 corum
1201 3617 1261 3663 an-

131 3712 225 3792 tique
242 3709 446 3776 reddidimus
473 3714 507 3775 et
522 3707 724 3774 restituimus
749 3707 848 3791 pleno
865 3707 954 3791 iure,
980 3703 1129 3774 volentes
1148 3727 1155 3768 ε
1174 3703 1262 3787 quod

129 3819 194 3886 snb
211 3817 335 3883 vexillo
352 3815 456 3900 Regio
473 3815 678 3882 exercituare
695 3819 879 3899 teneantur,
898 3821 930 3881 et
947 3813 1113 3898 generalis
1124 3811 1261 3897 preslai-

130 3927 195 3993 dus
224 3921 489 3993 Udrarnieorum
506 3943 566 3990 nec
591 3921 790 3990 descendere
816 3924 923 4005 possit
947 3939 1046 4007 super
1070 3919 1181 4004 ipsos,
1200 3940 1262 3988 nec

130 4035 241 4103 eciam
259 4054 317 4102 eos
330 4033 504 4117 judicare,
531 4033 583 4099 vel
600 4035 713 4116 citare,
732 4031 792 4098 sed
808 4033 949 4098 citantur
965 4031 1058 4096 iuxta
1075 4029 1261 4096 libertatem

129 4142 322 4210 eorundem.
347 4141 468 4209 Datum
485 4141 569 4206 Albe
587 4139 620 4206 in
638 4139 783 4206 crastino
800 4140 915 4207 Sancti
934 4137 1157 4203 Bartholomei
1174 4157 1261 4202 anno

130 4249 267 4321 Domini
282 4251 457 4318 millesimo
475 4247 701 4318 ducentesimo
719 4247 946 4331 octuagesimo
964 4245 1116 4313 secundo.

271 4461 396 4535 (Bartal,
410 4459 566 4518 csatletrtr
580 4458 718 4517 tbrtdneti
730 4455 857 4530 vintru,
870 4455 941 4514 Pest
954 4459 1033 4514 1860.
1047 4455 1091 4510 38.
1105 4451 1137 4524 l.)

658 4679 707 4686 .......
716 4677 804 4685 ...—-.

1032 4703 1101 4770 te·
