3142 5170
872 981 946 1047 att.

351 1199 371 1261 l
375 1199 408 1262 V.
435 1197 551 1261 Loszto
573 1198 680 1284 lciroily
705 1197 821 1280 Petere,
848 1196 969 1283 eddyt
980 1197 1151 1284 pllepltkel,
1169 1197 1214 1260 leit
1231 1197 1458 1284 tdbhjoszdptdl

403 1305 606 1391 mepfoaztott,
625 1307 847 1392 aissaclzelyezi
861 1308 948 1370 iamet
964 1307 1107 1371 aaolonolc
1123 1306 1295 1372 birtokdba.
1318 1309 1414 1371 1289.

456 1504 630 1572 Ladinlans
656 1503 720 1571 Dei
743 1503 856 1589 gracia
881 1504 1068 1590 Hungario,
1096 1504 1287 1588 Dalmacie,
1319 1503 1459 1586 Oroaoie,
1551 1477 1552 1490 ἵ

349 1615 453 1679 Reme
464 1664 472 1698 ,
500 1613 632 1697 Seruio,
653 1611 813 1697 Gallicis,
833 1610 1023 1678 Lodomerie
1034 1661 1041 1694 ‚
1060 1611 1215 1678 Cumanis
1226 1663 1234 1696 ,
1251 1613 1462 1698 Bnlgarieqnc

348 1723 428 1802 Rex,
446 1722 594 1788 omnibus
610 1721 732 1790 Christi
746 1719 899 1787 fidelibus
924 1727 1107 1805 presentem
1135 1725 1287 1808 paginam
1304 1722 1461 1811 inspectu-

349 1833 394 1898 ris
419 1831 562 1898 salntem
587 1831 620 1896 in
638 1849 676 1896 eo
687 1881 695 1914 ,
724 1831 777 1912 qui
799 1830 937 1895 salntem
957 1836 1111 1916 operatas
1130 1829 1227 1895 estin
1245 1831 1351 1898 medio
1368 1838 1460 1899 terre.

349 1940 399 2004 Ad
424 1941 645 2006 uniuersorum
672 1940 825 2005 noticiam
843 1937 989 2005 volomus
1006 1940 1195 2024 pervenire,
1223 1940 1308 2023 qnod
1323 1957 1398 2005 cnm
1415 1959 1461 2006 ve·

348 2049 504 2116 nerabilis
530 2056 623 2134 pater
650 2049 683 2113 P.
709 2047 771 2113 Dei
797 2048 911 2132 gracia
938 2048 1122 2134 Episcopus
1147 2047 1403 2114 'l'ranssiluanns
1427 2069 1462 2114 ex

347 2165 498 2244 precepto
515 2167 548 2224 et
564 2157 717 2224 mandato
743 2157 978 2224 venerabilium
1005 2165 1130 2241 patrum
1149 2156 1333 2224 Lodomerii
1349 2155 1461 2222 videli·
1552 2137 1553 2206 i

349 2273 401 2331 cet
418 2264 671 2350 strigoniensis,
689 2272 720 2332 et
736 2265 895 2334 lohannis
913 2265 1125 2346 colocensis,
1149 2264 1212 2331 Dei
1227 2263 1339 2350 gracia
1354 2265 1463 2330 Recte

349 2375 467 2440 siarum
480 2373 820 2460 Archiepiscopornm,
831 2373 1012 2440 dioencium
1030 2373 1256 2440 auctoritatem
1272 2371 1370 2442 Sedis
1382 2377 1463 2459 Apo·

348 2481 465 2548 stolice
492 2499 527 2546 se
553 2482 675 2548 hahere
702 2490 735 2548 et
751 2501 814 2548 non
833 2501 874 2546 ex
889 2481 1021 2567 proprio
1038 2487 1124 2548 motu
1141 2489 1173 2547 et
1190 2481 1367 2564 voluntate,
1384 2481 1464 2548 sicat

349 2591 449 2674 ijdem
466 2591 712 2677 A1·chiepiscopi
731 2591 896 2676 prenotati
912 2609 1022 2657 coram
1040 2589 1135 2656 nohis
1151 2597 1227 2655 sunt
1242 2589 1399 2676 confessi,
1410 2591 1463 2656 Ar-

348 2699 408 2768 bua
424 2698 614 2785 Cumanum,
632 2707 807 2785 cognatum
823 2707 987 2784 nostrum,
1005 2707 1038 2766 et
1057 2700 1140 2765 duos
1156 2705 1291 2784 nepotes
1307 2699 1463 2785 eiusdem,

347 2829 387 2876 ac
403 2810 508 2877 hloius
526 2809 719 2896 Vojwodam
733 2814 879 2876 nostrum
890 2807 1172 2891 Transslluannm,
1184 2807 1320 2875 dilectos
1336 2814 1372 2874 et
1389 2807 1464 2874 fide-

347 2919 396 2988 les
424 2923 555 2986 nostros
581 2919 804 3003 captivasset,
833 2925 866 2984 et
891 2924 1024 3004 propter
1040 2915 1103 2984 hoo
1119 2917 1222 2985 solnm
1239 2917 1462 3003 possessiones

347 3025 532 3094 donaticias
558 3047 617 3113 per
642 3027 776 3094 Inclitos
801 3029 910 3112 Reges
937 3035 970 3092 et
989 3026 1158 3110 lllnstres,
1183 3025 1296 3092 Belam
1313 3023 1465 3092 videlieet

349 3137 436 3201 clare
463 3137 616 3203 memorie
642 3155 737 3204 avum
755 3143 909 3218 nostrum,
930 3143 962 3201 et
979 3135 1181 3220 Stephanum
1195 3135 1304 3202 felicis
1320 3131 1465 3200 recorda-

348 3243 450 3310 cionis
466 3251 590 3329 patrem
607 3251 773 3324 nostrum,
790 3263 852 3312 nec
868 3265 933 3312 non
953 3263 1012 3328 por
1027 3263 1106 3326 nos,
1127 3244 1275 3311 Ecclesia
1291 3243 1389 3310 Beati
1404 3243 1464 3309 dli·

348 3351 473 3418 chaelis
489 3352 678 3420 cathedrali
696 3357 812 3436 datas,
839 3354 946 3420 lactas
964 3359 997 3419 et
1016 3353 1175 3436 collatas,
1203 3353 1330 3420 scilicet
1354 3351 1463 3418 villani

347 3460 515 3529 (laluswar
532 3482 603 3528 cnm
620 3463 688 3530 sais
705 3461 928 3549 pertinenciis,
945 3468 978 3528 et
994 3461 1105 3528 villam
1118 3463 1295 3529 Albensem
1311 3479 1384 3529 cnm
1400 3467 1463 3526 ter·

346 3569 456 3636 ritorio
468 3590 527 3639 suo
544 3573 707 3656 vnlnerso,
719 3579 752 3640 et
767 3572 847 3657 alljs
859 3572 921 3640 sibi
939 3571 1129 3655 attinencijs
1146 3571 1394 3656 pertinentibus,
1407 3586 1465 3637 nec

348 3697 415 3745 non
431 3687 463 3745 et
480 3681 564 3745 alias
582 3680 782 3746 donaciones
800 3686 930 3746 nostras
953 3679 1056 3747 literis
1074 3699 1131 3747 seu
1148 3680 1330 3765 privilegijs
1346 3678 1465 3746 noshie

349 3789 586 3872 consolidatae,
597 3791 745 3857 Ecclesia
760 3788 918 3874 prelibatc
929 3790 1169 3858 alienassemus
1185 3791 1382 3874 revocando,
1393 3794 1464 3856 tan·

348 3894 420 3962 dem
438 3896 553 3964 eodem
570 3897 757 3963 venerabile
774 3903 868 3980 patre
885 3905 1031 3965 nostram
1042 3897 1187 3982 maclam
1206 3905 1239 3966 et
1254 3897 1464 3966 dilectionem

347 4002 524 4092 obtinente,
535 4013 568 4073 et
584 4025 640 4092 per
658 4007 766 4074 omnia
777 4009 948 4072 immunem
965 4025 1000 4072 se
1017 4007 1112 4074 nobis
1130 4008 1161 4072 in
1180 4007 1378 4075 execucionc
1394 4025 1465 4092 prc-

345 4109 424 4178 dicti
440 4121 471 4179 et
487 4115 624 4199 injuncti
641 4115 704 4181 sibi
721 4115 868 4182 mandati
885 4116 1037 4182 exibente
1054 4124 1086 4182 et
1107 4115 1276 4198 reddente,
1304 4115 1465 4203 possessi·

346 4243 424 4290 ones
442 4225 635 4310 prelibatas,
653 4235 685 4290 et
702 4245 813 4291 omnes
830 4226 915 4292 alias
937 4225 1159 4309 donaciones,
1176 4245 1273 4310 snper
1290 4225 1409 4307 quibas
1425 4221 1463 4288 li·

286 4325 289 4343 '
345 4339 435 4416 tere,
462 4354 520 4400 seu
547 4331 720 4419 priuilegia
746 4339 858 4401 nostra
885 4341 958 4401 sunt
985 4352 1165 4418 concessa,
1193 4333 1299 4399 cidem
1320 4329 1467 4398 Ecclesia

345 4441 441 4508 Beati
457 4441 629 4510 Michaelis
645 4443 845 4530 Archangeli
871 4442 1057 4510 reddendas
1073 4443 1224 4510 duximus
1241 4439 1467 4512 inrevocabili·

345 4557 403 4635 ter,
423 4568 463 4614 ex
479 4553 591 4632 gracia
606 4558 717 4617 nostra
733 4551 873 4635 pleniori
890 4559 923 4616 et
939 4555 1042 4636 Regio
1058 4571 1129 4615 cnm
1156 4553 1279 4636 favore,
1296 4547 1466 4638 possiden-

346 4659 407 4725 das
424 4665 457 4723 et
473 4655 666 4743 habendas,
693 4668 788 4746 prout
814 4657 973 4727 hactenns
990 4659 1142 4727 Ecclesia
1159 4667 1340 4728 memorata
1353 4657 1467 4726 habuit
