3142 5170
625 290 768 394 Q

129 491 300 578 Stephani,
318 506 399 572 quae
416 485 459 554 ad
475 505 613 572 presens
624 487 818 574 singillatim
829 488 1010 572 exprimere
1021 503 1083 550 non
1094 487 1254 566 volumus,

129 595 296 682 quandam
320 603 437 662 terram
464 596 712 682 senctilerornm
738 600 922 663 nostrorum
948 592 1039 661 Thes
1054 599 1208 661 vocatam
1224 592 1256 658 in

129 707 293 776 Gemitatu
309 701 472 772 Pesticnsi
489 705 684 772 existentem
700 723 773 770 eum
798 701 949 770 omnibus
974 700 1170 770 utilitatibus
1187 701 1255 767 suis

130 819 163 878 et
177 811 391 898 pertinenciis
416 812 580 882 universis
607 813 769 898 dedimus,
787 810 981 879 donadmue
1008 816 1042 876 et
1060 807 1256 874 contulimus

131 921 261 1002 eidem,
290 925 323 984 et
337 939 397 1003 per
414 939 487 986 eum
504 921 572 986 suis
588 919 765 988 heredibus
790 920 1010 1001 heredumque
1034 934 1164 983 suorum
1186 933 1255 982 suc-

131 1026 319 1095 cessoribus
344 1033 503 1113 perpetuo
534 1033 568 1094 et
602 1026 859 1095 irrevocabiliter
893 1022 1137 1111 possidendam.
1168 1022 1257 1089 llete

130 1139 241 1203 autem
265 1134 372 1220 ipsine
398 1139 504 1216 terre,
540 1133 811 1220 quemadmodum
841 1135 876 1200 in
906 1133 1080 1219 priuilegio
1110 1129 1257 1215 ejusdem
1333 1125 1334 1128 ’

129 1242 255 1310 domini
279 1243 382 1309 nostri
400 1243 501 1327 Regis
527 1245 744 1329 comperimus
770 1242 957 1324 evidenter,
982 1241 1045 1306 hoc
1069 1237 1183 1304 ordine
1206 1236 1256 1304 di·

128 1349 348 1433 stinquuntur.
364 1350 484 1436 [ncipit
502 1351 589 1418 enim
605 1351 712 1436 prima
728 1357 817 1418 meta
841 1373 862 1418 a
886 1352 981 1435 parte
1006 1343 1256 1432 septentrionali

128 1457 216 1522 inter
231 1463 352 1523 terram
368 1457 532 1543 Prepesiti
547 1457 589 1525 de
605 1457 697 1546 Sydo
714 1461 823 1545 Lugofl
841 1463 1011 1532 vocatam,
1036 1461 1071 1522 et
1094 1455 1179 1520 inter
1193 1459 1256 1519 ter-

129 1584 201 1632 ram
216 1561 327 1648 Thoe,
355 1571 388 1632 et
411 1565 559 1634 metatim
584 1567 788 1650 protenditur
813 1571 936 1648 septem
962 1563 1057 1630 metis
1079 1560 1256 1643 veteribus,

126 1673 226 1757 juxta
242 1691 327 1758 quas
341 1680 468 1759 septem
485 1695 589 1744 novas
604 1681 712 1768 metas
726 1680 911 1759 erexerunt,
929 1673 974 1740 ad
990 1671 1155 1755 quendem
1171 1687 1259 1735 mon-

129 1787 197 1847 tem
214 1799 329 1848 rersus
346 1783 504 1850 orientem
522 1784 732 1852 ascendendo
759 1784 803 1850 ad
820 1785 926 1851 locum
944 1778 1143 1865 Frigetarka
1157 1793 1254 1843 voea-

130 1897 211 1975 tnm,
227 1889 283 1971 qni
309 1888 448 1958 hahetur
472 1881 535 1976 pro
560 1898 650 1960 meta
674 1892 708 1960 in
725 1911 847 1978 magna
872 1892 938 1975 via,
955 1907 1019 1974 que
1034 1885 1127 1955 vadit
1142 1900 1256 1952 uersus

130 1995 291 2082 Panthuh,
308 1996 365 2066 vbi
380 2001 571 2068 terminetur
587 2007 677 2070 terra
695 2002 859 2088 Prepesiti
876 1998 1059 2086 prenotati3
1085 1993 1256 2062 contermi-

129 2112 189 2171 nat
213 2105 423 2189 postmodnm
449 2109 525 2193 ipse
555 2116 645 2178 terra
672 2109 762 2178 Thoe
788 2114 875 2174 terro
899 2104 1055 2173 nobilium
1076 2102 1257 2187 degenere

129 2213 242 2296 Akus3
259 2210 378 2280 deinde
393 2213 627 2284 descendendo
644 2237 666 2282 a
680 2222 778 2302 parte
802 2214 920 2282 dextra
944 2219 1022 2279 sunt
1038 2211 1104 2278 due
1119 2207 1256 2277 arbores

129 2319 262 2405 thaulfo
276 2328 394 2390 vocate
409 2323 444 2390 in
460 2343 527 2390 una
544 2329 631 2390 meta
647 2324 1005 2409 antiquajuxtaqnam
1020 2319 1120 2388 aliam
1136 2336 1255 2386 novam

130 2429 668 2518 erexerunt3hineversuspartem
679 2429 926 2500 meridionalem
938 2423 1256 2512 descendit‘l'huulg-

129 2533 235 2616 welg,
263 2542 296 2599 et
322 2535 370 2602 ibi
397 2543 450 2604 est
464 2543 552 2604 meta
568 2538 717 2625 chepani
738 2537 796 2606 filii
811 2537 942 2623 Hiden;
967 2533 1256 2603 deindeascendit

130 2639 176 2708 ad
190 2640 399 2728 blonoroleu,
428 2650 461 2712 et
485 2644 532 2712 ibi
558 2654 634 2716 sunt
649 2645 711 2712 due
727 2651 814 2714 mete
830 2645 976 2728 antique,
992 2649 1026 2710 et
1040 2641 1105 2710 alie
1120 2642 1186 2710 due
1200 2663 1259 2709 uo-

129 2748 215 2815 viter
230 2756 359 2838 erecte3
383 2751 459 2821 inde
475 2754 628 2822 ascendit
643 2759 805 2840 monum,
833 2759 867 2820 et
890 2753 937 2820 ibi
961 2757 1094 2820 estune
1119 2749 1258 2836 antiqua

130 2862 230 2939 meta,
248 2861 282 2922 et
296 2855 364 2924 alia
379 2877 464 2928 noua
480 2861 611 2928 nouiter
627 2868 759 2946 erecta,
784 2867 817 2930 et
841 2861 884 2929 de
900 2865 1010 2928 monte
1026 2857 1198 2928 descendit
1212 2857 1257 2925 ad

130 2983 289 3050 magnam
314 2967 423 3053 viam,
449 2987 513 3053 qne
538 2969 631 3039 vadit
656 2971 700 3040 ad
715 2971 869 3057 Hotuon,
897 2970 955 3038 ubi
971 2973 1022 3036 est
1038 2988 1104 3036 una
1119 2967 1256 3049 antiqua

131 3079 231 3154 meta,
247 3081 282 3142 et
297 3074 366 3144 alia
382 3096 469 3146 noua
485 3081 614 3148 nouiter
631 3085 780 3150 erectae
796 3079 915 3148 dextra
929 3077 1212 3166 parteZumoryn,
1223 3082 1256 3141 et

131 3180 310 3250 descendit
325 3183 369 3249 ad
385 3201 505 3267 aquam
521 3188 664 3275 Kalgria
673 3239 684 3274 ,
710 3208 773 3272 que
789 3191 924 3274 separat
939 3192 1060 3254 terram
1076 3182 1159 3252 dieti
1174 3183 1257 3252 (the-

128 3287 211 3372 pani
226 3307 248 3355 a
263 3293 352 3358 terra
368 3290 503 3361 Comitis
520 3295 683 3382 Stephani
698 3294 898 3382 supradicti;
914 3293 1118 3362 indeversue
1134 3295 1258 3377 partem
1308 3317 1312 3328 ·

130 3395 374 3467 occidentalem
390 3404 508 3472 transit
524 3403 647 3474 dictam
664 3423 785 3489 aquam
802 3405 846 3472 ad
862 3401 1073 3489 Futrodlew,
1097 3387 1132 3469 et
1145 3397 1194 3470 ibi
1208 3407 1259 3469 est

129 3523 197 3572 una
211 3509 350 3592 antiqua
365 3517 465 3593 mete,
484 3519 516 3576 et
531 3512 600 3580 alia
616 3531 704 3582 noua
719 3511 848 3580 nouiter
865 3516 995 3593 erecta3
1014 3507 1091 3576 inde
1107 3505 1260 3578 ascendit

128 3610 174 3676 ad
191 3611 342 3681 Ohambe
357 3615 529 3706 heraztba,
548 3621 603 3686 rbi
619 3619 654 3686 in
671 3627 765 3707 parte
791 3617 937 3709 inferiori
967 3623 1018 3685 eet
1043 3618 1259 3698 mentique

129 3723 234 3798 meta,
248 3725 280 3785 et
295 3720 361 3788 alia
377 3743 467 3792 noua
483 3727 611 3796 nouiter
628 3733 749 3812 erecta,
760 3733 794 3792 et
808 3727 842 3792 in
858 3730 968 3794 monte
984 3724 1045 3792 sub
1055 3743 1121 3792 una
1137 3743 1259 3810 magna

127 3825 250 3893 arbore
266 3836 341 3898 eunt
354 3832 418 3900 dne
434 3843 529 3920 mete,
546 3855 612 3903 nna
628 3837 779 3920 antiqua,
804 3835 873 3902 alia
888 3853 974 3902 nova
989 3831 1118 3900 nouiter
1133 3837 1258 3918 erecta,

127 3941 163 4000 et
177 3932 226 4000 ibi
241 3945 452 4020 separatura
469 3951 557 4008 terra
573 3940 722 4028 chepani
747 3942 929 4028 supradicti
955 3949 988 4010 et
1003 3941 1259 4033 conterminatur

128 4045 219 4107 terre
244 4041 403 4128 Stephani
428 4055 461 4116 et
486 4067 618 4118 suorum
643 4059 837 4133 agnatorum
863 4050 981 4134 Liguet
1007 4054 1134 4118 vocate.
1151 4049 1194 4115 llt
1210 4045 1259 4114 sio

124 4153 218 4216 mete
234 4156 321 4216 terre
337 4151 427 4224 'Phoe
444 4155 591 4241 predicte
604 4158 828 4227 terminantur.
856 4157 900 4227 Ut
922 4158 1019 4242 igitur
1031 4157 1130 4244 hujus
1146 4163 1257 4225 nostre

123 4253 326 4324 donacionis
343 4279 402 4330 seu
418 4261 610 4334 collationis
627 4266 735 4336 serios
751 4267 849 4334 robur
865 4266 1014 4336 obtineat
1029 4271 1187 4354 perpetue
1203 4263 1255 4332 fir·

124 4363 265 4447 mitatis,
282 4383 342 4432 uec
357 4389 512 4454 processu
537 4380 720 4461 temporum
746 4375 859 4443 valeat
885 4393 944 4461 per
960 4373 1147 4460 quempiam
1162 4371 1196 4440 in
1213 4373 1254 4438 ir·

124 4476 226 4544 ritum
244 4480 402 4558 reuocari,
418 4490 591 4566 presentes
607 4483 829 4552 concessimus
854 4482 980 4552 litterae
995 4481 1137 4566 duplicis
1154 4479 1254 4565 sigilli

124 4596 235 4666 nostri
251 4584 623 4664 munimineroboratas.
635 4591 759 4661 Datum
769 4609 829 4677 per
839 4609 955 4660 manus
966 4589 1115 4678 Magistri
1127 4587 1253 4658 Thone
