3142 5170
828 303 977 402 aa.

341 501 373 562 et
389 496 617 580 Apostolorum
633 519 729 568 unum
740 521 814 568 osso
830 507 1004 582 auctorem,
1022 502 1124 567 Deum
1142 520 1181 566 ao
1197 500 1371 567 Dominum
1389 521 1458 568 om·

341 603 548 688 tripotentem.
575 606 644 674 Hoc
660 613 711 674 est
727 629 805 676 vera
821 605 903 674 fides
920 607 1092 676 catholica
1101 660 1110 694 ,
1136 629 1176 676 ao
1192 609 1277 676 hano
1293 627 1393 699 super
1410 610 1460 676 di·

340 713 402 778 ctis
430 713 578 782 articulis
603 721 695 782 tenet
720 724 752 782 et
778 715 928 802 predicat
943 718 1166 786 Sacrosancta
1181 719 1328 786 Romana
1346 720 1460 786 Eccle-

340 819 414 886 sia:
444 823 504 890 sed
530 830 561 888 ct
587 829 720 910 propter
743 822 889 892 divorsos
914 843 1039 892 errores
1055 845 1077 890 a
1092 825 1284 910 quibusdam
1301 847 1344 892 ex
1359 829 1458 912 igno-

339 929 448 996 rantia
472 935 505 996 et
529 932 571 998 ab
598 931 673 998 aliis
695 931 822 1002 malitia
848 933 1057 1019 introductos,
1074 933 1156 1001 dicit
1172 939 1205 1000 et
1221 934 1374 1018 predicat
1389 953 1459 1018 eos,

344 1037 399 1118 qni
416 1045 492 1123 post
507 1041 702 1128 baptismum
720 1042 751 1108 in
769 1049 909 1128 peccata
922 1042 1086 1124 labuntur,
1104 1062 1169 1108 non
1186 1043 1459 1128 rebaptizandos3

342 1148 402 1216 sod
418 1167 477 1232 per
494 1167 602 1216 reram
626 1150 839 1237 penitentiam
864 1167 994 1216 snorum
1021 1168 1117 1233 posse
1145 1153 1300 1234 consequi
1327 1152 1459 1217 veniam

342 1269 557 1338 pennatorum.
582 1255 674 1336 Quod
700 1258 728 1322 si
749 1275 827 1325 rere
842 1256 1025 1340 penitentes
1041 1257 1074 1322 in
1092 1256 1232 1324 caritate
1249 1257 1460 1340 decesserint,

342 1371 516 1450 antequam
541 1363 648 1449 dignis
673 1366 852 1449 penitentie
876 1365 1034 1432 fructibus
1059 1365 1100 1432 de
1129 1368 1313 1434 commissis
1330 1365 1458 1434 satisfe-

342 1473 447 1538 cerint
472 1478 506 1539 ot
520 1474 670 1558 omissis,
693 1493 801 1539 eornm
820 1474 947 1540 animas
963 1473 1057 1557 ponis
1073 1475 1272 1558 purgatoriis
1288 1479 1363 1560 post
1378 1495 1460 1540 mor·

342 1587 407 1646 tem
423 1581 567 1667 pnrgari,
585 1587 617 1646 et
634 1585 676 1650 ad
693 1603 796 1668 penas
813 1583 998 1650 huiusmodi
1014 1583 1210 1650 revelandas
1235 1583 1396 1668 prodesse
1412 1585 1461 1647 eis

340 1689 484 1758 fidelium
506 1691 654 1758 vivorum
679 1691 846 1776 suffragio,
874 1691 973 1759 misse
999 1691 1126 1758 scilicet
1149 1691 1321 1775 sacrificia,
1339 1691 1460 1758 oratio·

341 1818 399 1868 nes
417 1799 672 1880 etenensium,
690 1806 722 1864 ct
737 1801 806 1866 alio
821 1800 954 1886 pietatis
971 1799 1092 1884 officia,
1109 1819 1175 1884 que
1190 1822 1212 1865 a
1227 1799 1378 1868 fidelibus
1397 1818 1458 1883 pro

342 1907 416 1974 aliis
433 1905 584 1974 fidelibus
601 1907 669 1974 fieri
686 1914 924 1976 consueverunt
944 1907 1126 1974 secundum
1139 1909 1285 1975 Ecclesia
1295 1909 1461 1974 instituta.

342 2016 475 2083 Illorum
490 2016 588 2097 igitur
603 2015 751 2102 animas,
777 2017 830 2100 qni
854 2023 927 2101 post
943 2036 1074 2082 sacrum
1091 2017 1259 2102 baptisma
1274 2023 1464 2102 susceptum

341 2124 464 2192 nullam
480 2125 608 2192 omnino
626 2126 753 2210 peccati
769 2123 930 2192 maculam
941 2125 1162 2210 incurrerunt;
1180 2125 1257 2190 illas
1274 2126 1466 2212 etiampque

343 2240 418 2318 post
434 2241 635 2301 contractam
651 2236 780 2321 pcccati
797 2235 957 2302 maculam
967 2283 976 2317 ,
996 2233 1049 2300 vel
1066 2233 1099 2298 in
1116 2234 1184 2300 suis
1201 2241 1370 2300 monentes
1387 2253 1465 2300 eor-

342 2341 496 2428 porihus,
523 2344 576 2408 vel
593 2345 717 2410 eisdem
734 2351 850 2427 exuta,
876 2350 972 2428 prout
987 2341 1140 2428 superius
1156 2342 1277 2410 dictum
1293 2349 1362 2425 est,
1384 2351 1467 2409 sont

341 2457 489 2537 purgate,
505 2451 538 2518 in
556 2453 661 2520 celum
676 2471 750 2520 mox
766 2453 877 2538 recipi.
903 2454 1036 2518 illorum
1061 2458 1169 2518 antem
1185 2453 1329 2534 animas,
1356 2450 1415 2534 qni
1431 2451 1468 2518 in

341 2560 468 2626 mortali
485 2565 640 2644 peccato,
659 2559 711 2626 vel
727 2580 800 2626 cnm
816 2561 887 2626 solo
903 2559 1055 2645 originali
1071 2559 1255 2643 decedunt,
1272 2579 1346 2627 mox
1362 2559 1397 2624 in
1418 2559 1456 2624 in

342 2665 466 2734 sernum
483 2667 694 2754 descendere,
705 2669 800 2754 penis
816 2675 924 2736 tameo
941 2667 1127 2754 disparibus
1142 2669 1331 2753 puniendos,
1343 2667 1468 2735 cadem

342 2776 466 2843 Sancta
482 2778 629 2845 Romana
644 2777 796 2844 Ecclesia
812 2778 916 2844 credit
928 2786 960 2846 ct
974 2777 1107 2845 firmiter
1124 2784 1302 2860 asseverat,
1323 2783 1357 2840 et
1372 2775 1467 2858 qnod

342 2884 570 2952 nichilominus
597 2887 632 2954 in
657 2887 710 2954 die
740 2887 876 2971 judicii,
903 2905 1014 2954 omnes
1040 2885 1188 2952 homines
1214 2891 1290 2950 ante
1315 2882 1469 2952 tirhunal

342 2994 461 3062 Christi
479 3015 550 3062 cnm
568 2997 638 3063 suis
654 2996 844 3081 corporibus
860 2996 1102 3082 comparebunt,
1128 2993 1287 3062 reddituri
1302 2993 1343 3060 de
1361 2991 1468 3060 sactis

341 3104 481 3189 propriis
498 3104 668 3172 rationem.
694 3105 798 3172 Tenet
824 3104 924 3172 etiam
941 3113 974 3170 at
990 3104 1086 3170 docet
1104 3103 1220 3170 eadem
1235 3106 1380 3170 Romana
1399 3103 1473 3168 Ec·

342 3212 453 3293 alesia,
470 3219 595 3300 septem
615 3232 689 3280 esse
705 3213 929 3282 ecclesiastica
954 3219 1183 3296 sacramenta;
1210 3230 1307 3278 unum
1330 3209 1469 3277 scilicet

342 3321 528 3408 baptizma,
554 3321 594 3388 de
606 3342 668 3406 quo
696 3321 817 3389 dictum
834 3330 884 3388 est
899 3341 1018 3407 supra;
1043 3321 1135 3388 alind
1151 3326 1202 3386 est
1218 3323 1469 3386 sacramentum

341 3428 608 3513 confirmationis,
637 3430 722 3514 quod
749 3448 807 3513 per
823 3449 938 3496 manns
953 3428 1197 3516 impositionem
1213 3425 1367 3514 Episcopi
1386 3447 1474 3496 oon·

340 3535 448 3605 fierunt
464 3539 648 3606 crismando
665 3545 817 3622 renatos;
834 3539 925 3606 aliud
944 3545 995 3606 cst
1009 3537 1210 3624 penitentia3
1237 3533 1325 3602 aliud
1343 3534 1478 3603 eueha-

340 3646 453 3733 ristia3
480 3647 569 3714 aliud
589 3655 640 3714 est
665 3653 906 3718 sacramentnm
931 3647 1073 3732 ordinis;
1100 3646 1191 3714 alind
1217 3652 1268 3712 est
1293 3643 1476 3710 matrimo-

342 3755 448 3841 ninm;
473 3754 562 3822 aliud
589 3764 639 3822 est
665 3761 811 3822 extrema
836 3755 968 3838 unctio,
995 3773 1057 3840 qno
1078 3752 1259 3820 secundnm
1284 3749 1479 3818 doctrinam

341 3863 437 3930 Beati
461 3863 579 3932 iacobi
604 3864 839 3932 irfirmantibns
865 3864 1045 3930 exhibetur.
1071 3863 1319 3929 Sacramentum
1345 3859 1475 3928 eucha-

342 3970 431 4040 ristie
448 3991 488 4039 er
514 3973 615 4038 azimo
642 3971 771 4040 conficit
796 3969 909 4037 eadem
937 3976 1078 4040 Romana
1105 3970 1265 4054 Ecclesia,
1287 3975 1414 4035 tenens
1441 3977 1481 4037 et

342 4081 478 4162 docens,
505 4081 588 4165 quod
613 4080 647 4148 in
673 4082 744 4168 ipso
770 4087 975 4149 sacramento
991 4080 1086 4166 panis
1112 4098 1191 4146 vero
1216 4077 1482 4146 transsubstan-

341 4187 441 4258 tiatur
456 4188 489 4254 in
507 4209 636 4276 corpus,
655 4196 688 4256 ot
702 4190 811 4262 vinum
828 4191 859 4256 in
877 4190 1069 4273 sangninem
1095 4187 1217 4254 domini
1231 4187 1309 4254 Jesn
1329 4185 1485 4254 Christi.

341 4298 392 4364 Do
417 4299 622 4368 matrimonio
642 4319 717 4368 vero
734 4306 843 4384 tenet,
872 4297 959 4382 quod
983 4315 1047 4364 nec
1072 4315 1157 4364 nnus
1173 4296 1227 4364 vir
1243 4295 1338 4360 simul
1356 4295 1484 4380 plures
1517 4281 1525 4294 ’

343 4422 479 4488 uxores,
506 4425 567 4472 neo
591 4426 657 4474 una
680 4407 795 4473 mulier
820 4405 915 4472 simol
930 4405 1053 4471 habere
1078 4402 1275 4489 permittitur
1291 4400 1408 4488 plnres
1430 4405 1486 4470 vi·
1530 4419 1538 4438 ·

343 4531 418 4598 ros;
435 4513 542 4582 soluta
558 4533 635 4580 vero
654 4517 726 4600 lege
743 4513 939 4581 matrimonii
955 4531 1013 4597 per
1032 4515 1168 4580 mortem
1179 4507 1369 4577 alterutrius
1386 4528 1479 4576 oon-

339 4625 470 4726 iugum,
494 4623 653 4695 secundas
679 4630 710 4692 et
735 4623 848 4694 tertias
875 4629 907 4696 et
932 4621 1087 4716 deinceps
1113 4621 1244 4711 nuptias
1262 4621 1467 4698 successivo
