3142 5170
584 415 738 528 Q

104 617 303 687 auetoritate
320 621 432 685 nostra
457 609 650 702 compellas.⁴
670 611 744 679 Non
766 609 918 680 obstante
935 613 963 678 si
979 611 1085 680 cidem
1100 611 1186 697 Regi
1201 627 1222 677 a

104 725 193 794 Sede
208 725 398 812 apostolica
415 725 458 792 sit
473 723 644 806 indultum,
662 721 748 805 quod
767 719 1052 810 excommunicari,
1068 719 1122 790 vel
1140 725 1226 786 terre

102 834 210 916 ipsius
236 832 389 902 interdici
415 855 480 902 nou
507 831 636 917 possint
662 849 722 916 per
737 829 866 898 litteras
882 829 1081 915 apostolicas
1098 849 1163 896 non
1180 825 1227 894 ia·
1321 837 1327 848 '

105 943 232 1009 cientes
258 943 391 1028 plenam
418 949 449 1008 et
477 958 668 1023 expressam
691 938 732 1005 de
748 937 875 1004 indulto
891 934 1228 1005 huiusmodi-mentio-

105 1069 192 1117 nem.
218 1049 340 1120 Datam
370 1051 474 1116 Reate
500 1048 553 1114 v1.
580 1045 658 1114 Idus
685 1047 833 1132 Augusti.
861 1041 1090 1131 (Pontificatus
1107 1039 1226 1128 nostri)

105 1161 203 1224 Anno
220 1159 334 1246 primo.

215 1267 252 1334 In
269 1285 297 1332 e.
316 1289 356 1334 m.
384 1263 630 1332 venerabilibus
647 1261 803 1328 iratribus
820 1261 1084 1348 Archiepiscopis
1104 1268 1137 1328 et
1152 1263 1229 1348 Epi·

108 1373 231 1458 scopis,
248 1395 289 1442 ac
305 1373 435 1442 dilectis
453 1372 530 1441 filiis
547 1369 691 1452 Electis,
709 1368 915 1454 Abbatibus,
932 1370 1109 1458 Prioribus,
1125 1373 1230 1440 Deca-

108 1480 182 1564 nis,
210 1479 478 1563 Archidiaconis,
510 1478 713 1563 Prepesitis,
734 1477 889 1544 Plebanis
916 1485 948 1541 et
965 1478 1040 1546 aliis
1067 1479 1231 1548 Ecclesia·

108 1607 181 1655 rnm
196 1589 338 1657 Prelatis
354 1609 393 1656 ac
410 1588 587 1664 Ministris,
604 1585 800 1654 Gnardianis
826 1590 860 1651 ct
877 1582 1095 1672 Custodibus,
1112 1608 1151 1657 ae
1167 1589 1229 1655 Oa-

110 1695 225 1781 pitulis
241 1703 274 1762 et
290 1697 530 1780 conventuris,
549 1695 796 1777 cisterciensis,
814 1691 928 1758 Sancti
944 1695 1133 1781 Benedicti,
1149 1699 1230 1764 Pre-

111 1805 374 1890 monstrateusis,
392 1805 639 1872 Prodicatorum
656 1809 689 1868 et
705 1801 864 1869 ldiuorum
880 1799 1019 1869 fratrum
1035 1823 1075 1871 ac
1090 1805 1230 1884 aliorum

108 1911 279 1992 Ordinem,
292 1921 324 1980 et
340 1912 491 1979 universo
503 1913 609 1997 Claro,
622 1931 662 1980 ac
679 1911 860 1994 Hospitalis
871 1911 986 1978 Sancti
1001 1913 1162 1980 Johannis
1178 1915 1232 1982 Je-

108 2021 347 2105 rcsolomitani,
365 2021 480 2087 Militia
505 2019 635 2105 Templi
652 2027 684 2085 ct
700 2020 821 2086 Sancte
837 2020 939 2086 Mario
957 2021 1232 2090 Theotonicorum

110 2129 300 2214 Magistris,
327 2131 578 2215 Preceptoribns
604 2137 636 2193 et
665 2127 822 2195 iratribus
838 2148 898 2214 per
924 2131 1072 2214 Regnum
1088 2132 1233 2220 Ungarie

109 2257 152 2304 ac
166 2237 417 2324 circumpositas
433 2237 621 2324 provincias
648 2236 834 2302 constitutis
851 2243 913 2303 etc.
930 2239 965 2306 Si
981 2259 1101 2326 sparsa
1117 2249 1179 2309 eto.
1198 2247 1233 2308 ut

110 2365 326 2435 snprausque
343 2346 491 2414 reducat.
501 2345 544 2411 Ut
562 2345 659 2430 igitur
675 2344 764 2412 idem
775 2344 1050 2434 Archiepisccpns
1067 2359 1234 2438 umquam

110 2457 235 2524 Christi
252 2456 423 2541 operarius
440 2456 552 2523 utilius
574 2455 731 2541 proficere
758 2457 891 2538 valeat,
917 2457 1164 2527 universitatem
1180 2479 1234 2528 ve·

109 2575 215 2633 stram
239 2585 392 2650 rogamus
419 2573 451 2630 et
479 2563 648 2631 hortamur
673 2569 818 2648 attente,
847 2565 1122 2636 inremissionem
1140 2569 1233 2636 vobis
1267 2589 1272 2602 ·

111 2675 336 2762 peccaminum
354 2675 569 2760 iniungentes,
583 2680 744 2756 quatenns
762 2674 980 2758 attendentes,
991 2677 1078 2758 quod
1095 2698 1153 2764 per
1171 2677 1233 2743 hoc

111 2791 226 2870 posset
242 2783 406 2851 catholice
423 2785 498 2852 lidei
516 2783 678 2872 deperire,
695 2789 808 2849 eontra
824 2783 981 2852 Tattaios
991 2835 999 2868 ,
1022 2785 1235 2872 Sarracenos,

111 2893 316 2978 Naugerius,
333 2894 488 2977 Pagades
517 2899 550 2958 et
576 2893 661 2960 alios
678 2891 842 2978 predictos
858 2891 965 2959 eidem
980 2893 1236 2980 Archicpiscopc

114 3003 160 3069 ad
187 2999 435 3086 requisitionem
450 3022 545 3070 suam
561 3002 609 3070 sic
634 3001 861 3068 favorabiliter·
888 3004 1044 3070 assmtere
1069 3003 1236 3088 studeatis,

115 3111 206 3195 qnod
222 3111 406 3178 huiusmodi
423 3112 584 3198 repressis
600 3111 774 3193 erroribus,
791 3111 884 3177 vobis
902 3111 998 3177 cedat
1013 3113 1058 3179 ad
1073 3113 1182 3182 laudis
1198 3117 1237 3181 ti-

113 3220 203 3287 tulos
220 3225 253 3285 et
268 3221 419 3286 salutem.
437 3221 560 3288 Datum
577 3220 681 3286 Reate
707 3220 764 3285 VI.
790 3219 867 3284 Idus
884 3219 1023 3304 Augusti
1042 3217 1237 3304 (Pontifica-

114 3335 170 3396 tns
186 3325 306 3416 nostri)
323 3347 410 3395 anno
427 3329 542 3415 primo.
1059 3381 1068 3424 ,

224 3435 261 3503 In
279 3457 307 3504 c.
319 3461 361 3505 m.
381 3437 509 3506 dilectis
525 3437 602 3504 liliis
619 3435 785 3504 nobilibus
801 3433 879 3501 viris
896 3481 903 3499 .
922 3485 929 3498 .
948 3484 955 3498 .
971 3434 1106 3502 Pclcnie
1122 3455 1161 3506 ac
1179 3487 1186 3503 .
1204 3488 1211 3502 .
1231 3487 1238 3502 .

112 3547 293 3616 Sclavonie
310 3549 450 3632 aliisque
466 3549 622 3632 Ducibus,
641 3545 902 3630 Marchionibns,
929 3547 1110 3616 (inmitibus
1126 3555 1159 3615 ct
1173 3549 1239 3614 Ba-

113 3656 251 3724 ronibus
263 3707 272 3741 ,
299 3679 339 3725 ac
365 3658 516 3726 universo
543 3657 665 3743 populo
691 3656 813 3722 Christi
837 3653 986 3722 fidelibus
1014 3675 1073 3742 per
1093 3655 1239 3740 Regnum

115 3763 264 3848 Ungarie
280 3785 320 3832 ac
334 3766 419 3834 alias
437 3763 688 3852 circumpositas
705 3765 887 3851 provintias
905 3765 1099 3833 constitutis.

227 3875 264 3940 lu
280 3893 308 3940 e.
320 3897 361 3942 m.
381 3875 550 3942 carissimo
567 3876 601 3941 in
616 3873 746 3944 Christo
762 3875 829 3940 filio
848 3923 855 3939 .
874 3923 880 3937 .
899 3923 905 3937 .
922 3873 1005 3958 Regi
1020 3875 1239 3944 Romanorum

112 3982 254 4065 lllnstri,
270 3982 380 4051 verbis
397 3990 619 4070 competenter
635 3983 780 4051 mutatis.

227 4091 275 4157 In.
302 4112 331 4158 e.
357 4113 399 4160 m.
425 4092 596 4163 carissimo
621 4093 656 4160 in
681 4092 811 4162 Christo
836 4091 926 4160 filio.
945 4093 1078 4180 ..Regi
1105 4093 1240 4163 Bcemic

113 4200 254 4270 illustri.

229 4311 268 4378 In
285 4330 313 4378 e.
331 4332 374 4377 m.
391 4311 496 4380 nobili
511 4313 581 4380 viro
599 4361 606 4376 .
624 4357 633 4378 .
652 4360 660 4378 .
676 4311 763 4381 Duci
779 4311 912 4382 Austris
927 4310 1061 4377 Illustri.

111 4472 180 4544 (IV.
196 4473 303 4530 Mikros
315 4472 393 4546 pulpa
406 4472 605 4546 Regestdibol,
619 4475 744 4532 ἸῚιιίιιοι
756 4476 794 4531 id.
807 4495 842 4530 m.
856 4473 1065 4530 ik.358.1.v.
1080 4477 1107 4528 ὃ.
1118 4470 1158 4540 lV
1171 4471 1244 4530 Mik-

111 4566 162 4621 lds
187 4563 266 4637 pdpa
288 4563 430 4622 Lodomdr
444 4565 613 4640 ecatergami
627 4564 775 4622 drsekhezi
790 4583 860 4622 enen
873 4563 1019 4638 tdrgyban
1041 4563 1161 4620 intdzett
1184 4563 1243 4620 md·

250 4655 296 4711 sik
309 4654 416 4713 leveldt
428 4654 493 4712 lesu
507 4655 640 4729 Rejerndl
653 4653 722 4712 coo.
738 4655 816 4730 Dipl.
830 4653 863 4712 V.
877 4656 937 4712 iot.
950 4656 975 4712 ³.
986 4673 1009 4713 r.
1021 4654 1084 4712 ιιι).
1097 4653 1128 4726 1.)

554 4859 813 4869 *—

1014 4873 1087 4940 21*
