3116 5166
837 343 996 450 *ιι-

350 541 395 608 cti
419 539 570 610 Ecclesie
595 541 752 609 Albensis
780 541 856 611 nule
879 548 991 612 nostre
1006 540 1301 612 viee-Oancollarii
1317 539 1429 611 dilecti
1442 548 1475 609 et

348 649 456 718 fidelis
481 647 593 720 nostri.
620 651 714 718 Anno
740 651 874 718 Domini
901 652 968 719 Μ’·
986 651 1069 722 00⁰-
1087 649 1209 719 LXX⁰·
1225 656 1355 738 octauo,
1373 651 1474 737 Regni

347 763 455 828 autem
471 759 576 828 nostri
592 777 678 828 anno
696 761 846 846 septimo.

465 955 612 1030 (ilredetie
625 974 643 1014 a
656 957 781 1018 nemueti
795 973 926 1016 museum
938 955 1063 1016 herirati
1075 953 1363 1029 gyojtemsnysben.)

786 1258 1031 1271 Ἣ

879 1787 934 1854 54.

348 1985 410 2055 IV.
427 1985 543 2056 Mezze
556 1985 665 2071 leirdlp
680 1983 875 2051 Nattae-oo
891 1987 972 2050 mco
979 1981 1095 2070 fiildre
1110 1983 1288 2051 oocotkoad
1297 1985 1467 2072 odoncdnyo

551 2092 671 2158 Morioc
687 2094 717 2156 e's
733 2092 843 2158 Endos
859 2089 976 2180 prosola
992 2094 1149 2159 ειάιιιάνα.
1171 2094 1268 2159 1278.

455 2288 629 2358 Ladialaus
654 2289 718 2356 Dei
742 2291 857 2376 gracia
888 2287 1077 2379 Hungarie,
1102 2289 1295 2375 Dalmaeie,
1328 2291 1467 2374 Oroaeie,

348 2399 470 2485 Reme,
487 2399 622 2484 Serme,
648 2397 808 2483 Gallioie,
825 2397 1019 2468 Lodomerie
1029 2447 1037 2482 ‚
1054 2399 1213 2467 Cumanie
1223 2449 1232 2485 ,
1258 2399 1468 2484 Bnlgarieque

348 2507 419 2575 Rex
435 2507 586 2575 omnibus
603 2504 726 2574 Christi
744 2505 897 2574 fidelibus
923 2512 1096 2592 presentes
1123 2505 1251 2574 litteras
1277 2507 1465 2594 inspecturis
1547 2565 1548 2577 ,

349 2615 491 2682 salutem
517 2615 551 2681 in
578 2613 720 2682 Domino
746 2617 989 2701 sempiternam.
1009 2615 1062 2681 Ad
1078 2615 1302 2683 uniuersorum
1319 2615 1467 2683 noticiam

349 2723 467 2792 harum
482 2722 568 2792 serie
584 2723 733 2790 uolumus
754 2723 927 2809 peruenire
944 2747 951 2788 :
967 2723 1063 2803 Quod
1079 2722 1251 2792 Mauricius
1267 2729 1301 2790 et
1325 2722 1468 2792 Andreas
1545 2745 1546 2751 ¹

350 2831 494 2902 demirer
509 2829 669 2901 officiales
685 2833 887 2902 venerabilis
903 2833 1007 2920 patris
1025 2833 1212 2920 Lodomerij
1239 2833 1396 2919 Episcopi
1411 2833 1466 2899 lla·

350 2939 513 3008 radiensis
539 2940 584 3007 ad
600 2947 745 3008 nostram
768 2943 964 3010 aecedentes
980 2941 1186 3029 presenciam
1203 2941 1299 3009 nobis
1317 2959 1467 3027 exposue-

348 3054 426 3116 runt
450 3050 699 3133 conquerendo,
726 3051 814 3135 quod
840 3071 912 3119 cum
939 3051 1003 3136 ipsi
1029 3049 1194 3134 quandam
1210 3055 1333 3120 terram
1348 3053 1469 3118 Menen-

348 3155 465 3226 tareha
479 3161 632 3226 uocatam
660 3175 702 3222 ex
718 3157 898 3227 collacione
915 3157 1124 3226 Serenissimi
1139 3157 1238 3244 Regis
1265 3157 1388 3226 domini
1404 3158 1468 3226 Ste-

347 3265 460 3352 phani,
474 3263 644 3334 karissimi
669 3266 772 3350 patris
788 3266 889 3335 nostri
915 3265 1028 3335 inclito
1043 3263 1296 3353 recordacionis,
1313 3274 1347 3335 et
1361 3273 1467 3335 nostra
1538 3351 1539 3363 ἢ

348 3373 552 3460 aliquamdiu
567 3375 810 3459 possedissent,
836 3375 974 3445 eandem
1000 3377 1207 3465 postmodum
1233 3376 1362 3461 Grcgerr
1389 3375 1468 3443 tilius
1537 3427 1538 3449 i

348 3481 444 3550 Pauli
460 3483 654 3569 occupando
671 3482 833 3552 uiolenter
849 3485 892 3552 ab
910 3481 957 3552 eis
983 3481 1193 3569 abstulisset;
1220 3485 1391 3570 pecierunt
1415 3481 1468 3567 igi·
1536 3509 1537 3537 ι

349 3593 401 3655 tur
424 3588 526 3658 iidem
542 3589 717 3658 Mauricius
734 3597 767 3658 et
783 3593 934 3661 Andreas
951 3590 1096 3659 Comites
1113 3613 1134 3660 e
1149 3591 1244 3661 uobis
1261 3611 1333 3660 cum
1350 3594 1468 3660 instan-
1535 3591 1536 3625 ¹

349 3697 412 3782 cia,
428 3703 463 3764 ut
489 3699 536 3767 eis
563 3696 685 3767 dictam
711 3707 834 3769 terram
859 3701 1004 3788 ipsorum
1029 3700 1167 3770 reddere
1196 3705 1229 3768 et
1244 3702 1418 3769 restituere
1434 3697 1470 3764 de

349 3803 599 3890 Magnificencia
615 3809 719 3894 Regia
734 3809 952 3896 dignaremur.
978 3807 1048 3876 Nos
1065 3808 1163 3895 igitur
1178 3807 1273 3876 iustis
1290 3806 1471 3878 eorumdem

348 3911 500 3998 precibus
526 3913 752 3986 fauorabiliter
777 3913 944 4000 inclinati,
971 3914 1183 3985 attendentes
1211 3915 1373 3999 maxime,
1391 3913 1471 4000 quod

350 4018 488 4090 eundem
516 4021 648 4110 (irogsn
673 4034 810 4111 propter
836 4024 940 4112 ipsius
956 4025 1087 4092 notoria
1103 4029 1299 4091 nocumenta
1318 4031 1352 4091 et
1367 4041 1472 4090 exces-

349 4151 407 4204 sus
423 4132 615 4203 manifestos
631 4133 747 4203 ultimo
763 4135 902 4218 suplicio
914 4134 1118 4204 decreuimus
1134 4131 1388 4211 ulcisscendum,
1400 4130 1472 4198 fide·

348 4240 435 4310 libus
450 4241 571 4310 nostris
598 4243 771 4328 Preposito
799 4251 832 4312 et
849 4243 1035 4314 concentui
1051 4241 1175 4312 ordinis
1191 4243 1468 4310 Promonstraten·

351 4349 435 4416 sium
461 4347 503 4414 de
529 4349 746 4433 promontorio
772 4347 982 4419 Waradieusi
1008 4349 1159 4418 dedimus
1185 4349 1218 4414 in
1246 4347 1426 4432 mandatis,
1441 4351 1472 4414 vt

350 4475 423 4522 cum
447 4455 586 4524 Iwanlra
612 4457 678 4525 filio
694 4457 842 4526 Marcelli
857 4477 955 4527 vnum
971 4479 1012 4526 ex
1028 4457 1110 4546 ipsis
1126 4455 1387 4524 transmitterent
1403 4455 1475 4523 lide·

347 4563 490 4650 dignum,
506 4581 616 4631 eoram
640 4583 703 4652 quo
728 4564 852 4635 dictam
877 4569 995 4633 terram
1023 4563 1146 4633 eisdem
1162 4558 1350 4650 lia(u)ricio
1366 4567 1403 4630 et
1417 4565 1477 4632 An·

348 4667 427 4742 dree
443 4669 623 4747 comitibus
639 4673 802 4763 restituat,
814 4673 923 4745 citatis
939 4669 1168 4747 nichilominus
1179 4670 1474 4748 contradictoribus
