3142 5164
318 1147 429 1212 Irtudu
444 1149 664 1236 ator-azupttro
685 1107 893 1235 incoronare,
919 1153 999 1240 kopp
1016 1175 1056 1216 uz
1071 1152 1191 1239 erdelyi
1209 1153 1335 1238 purpok
1353 1151 1441 1220 cteta

317 1259 508 1344 nuncetrepit
524 1257 632 1322 Barct
649 1259 770 1344 fiuioul
778 1259 953 1346 folptotott
969 1262 1204 1349 birtoloperdbeo
1218 1262 1306 1326 eslcu'it
1326 1273 1444 1348 ioppen.

836 1370 922 1434 1281
927 1419 935 1436 .

427 1563 498 1632 Nos
514 1563 631 1631 Comes
656 1564 844 1650 Stephanus
870 1565 1054 1635 Vicciudex
1070 1565 1167 1634 Curia
1193 1564 1317 1633 domini
1343 1567 1445 1649 Regis

318 1673 434 1738 damus
451 1691 510 1759 pro
526 1673 705 1758 memoria,
731 1674 819 1756 quod
844 1675 945 1742 tercio
963 1674 1017 1742 die
1037 1711 1073 1721 -
1094 1675 1242 1761 proxime
1257 1679 1389 1741 usntnr.
1405 1713 1443 1722 -

318 1780 355 1846 P.
373 1781 557 1866 Episcopus
575 1780 1156 1866 EcclesicAlbensisTranssiiuans‚
1172 1804 1231 1870 pro
1243 1802 1307 1866 quo
1328 1781 1445 1852 Comes

320 1889 529 1974 Benedictus,
546 1889 633 1956 tilius
645 1891 787 1972 Andree‚
801 1890 951 1959 officialis
963 1930 1006 1939 -
1017 1893 1087 1960 suis
1098 1891 1281 1978 comparuit
1296 1891 1445 1974 infigura

321 1996 434 2080 iudicij
454 1999 620 2078 assumsit,
643 1997 905 2084 continentibus,
930 1999 1018 2084 quod
1034 1999 1117 2067 idem
1135 2001 1322 2085 Episcopus
1341 2002 1443 2066 accio·

319 2127 394 2171 nem
410 2127 504 2172 suam
522 2107 554 2172 in
571 2107 633 2175 hcc
651 2106 740 2174 sacto
767 2108 874 2176 eidem
891 2109 1056 2176 commisit
1075 2108 1304 2192 exequendam
1322 2144 1367 2154 —
1383 2109 1442 2175 Ba·

320 2215 397 2280 arch
414 2223 446 2282 et
462 2249 508 2262 -
523 2213 607 2280 filios
631 2217 762 2284 Baarch
789 2216 831 2283 de
856 2237 978 2302 genere
999 2216 1117 2300 enak,
1145 2219 1201 2302 qui
1226 2219 1445 2303 personaliter

318 2324 458 2392 aderant
474 2343 633 2410 super-
649 2335 735 2393 terre
751 2327 963 2392 contensiose
985 2363 1022 2373 --
1035 2323 1209 2394 duodecim
1225 2333 1341 2393 aratra
1357 2325 1443 2392 sudi-

323 2433 459 2514 cientie,
486 2453 583 2517 quam
600 2435 768 2520 predictus
785 2435 902 2502 Comes
919 2433 1137 2517 Benedictus,
1164 2432 1443 2521 officialis'ipsiuu

318 2541 476 2628 Episcopi
492 2543 571 2610 dicit
587 2563 664 2610 csse
680 2541 830 2610 eiusdem
847 2541 1023 2628 Episcopi,
1042 2549 1074 2608 et
1090 2541 1256 2628 pertinere
1272 2541 1318 2610 ad
1334 2542 1443 2608 villum

319 2651 587 2739 Baratpyspuky,
605 2651 742 2737 predicti
760 2671 839 2720 vero
855 2651 915 2718 filii
932 2651 1065 2719 Baarch
1076 2651 1188 2719 dicunt
1203 2653 1444 2737 esseipscrum,

321 2765 354 2826 et
369 2763 533 2845 pertinere
550 2763 594 2829 ad
614 2763 728 2827 viliam
746 2761 922 2826 eorundem
938 2761 1072 2828 Gerend
1088 2765 1264 2843 uocatam,
1291 2767 1444 2846 presentc

320 2869 452 2954 ydoneo
480 2870 668 2938 testimonio
695 2871 840 2954 Capituli
868 2871 1106 2952 Varadiensis,
1141 2870 1228 2953 quod
1255 2867 1357 2952 ijdem
1385 2867 1443 2953 filij

222 2980 226 2992 ‘
322 2975 453 3043 Baarch
470 2979 549 3044 illuc
575 2978 766 3064 adducunt,
792 2979 877 3046 sicut
902 2977 1053 3065 partibus
1071 2977 1198 3066 placuit
1223 2998 1295 3044 cum
1322 2995 1388 3044 unu
1403 2997 1445 3042 ex

322 3084 477 3154 iratribus
494 3087 560 3152 suis
578 3088 620 3155 de
638 3085 792 3173 Capitale
809 3108 879 3175 suo,
896 3089 1027 3156 scilicet
1044 3108 1118 3156 cum
1134 3085 1272 3154 Decano
1297 3087 1355 3154 rol
1380 3087 1444 3153 Le-

323 3201 414 3262 ctcre
431 3195 492 3264 ioci
510 3195 669 3281 eiusdem,
687 3197 902 3282 sesecundo,
929 3199 961 3264 in
982 3195 1131 3282 predicta
1148 3195 1229 3263 uilla
1255 3214 1315 3264 sua
1331 3195 1447 3261 Barat-

322 3305 476 3390 pyspuky
493 3326 611 3373 -arc
628 3307 715 3375 sicut
740 3326 810 3374 mos
827 3315 878 3374 est
904 3307 1015 3375 iurare
1033 3304 1209 3393 Episcopis
1234 3325 1333 3390 super
1360 3312 1448 3372 terra

323 3433 488 3500 supereo,
514 3417 600 3498 quod
616 3416 765 3503 predicta
782 3425 871 3485 terra
886 3415 1061 3486 duodecim
1079 3423 1264 3484 aratrorum
1280 3415 1327 3480 sit
1343 3413 1448 3502 ipsius

323 3532 356 3590 et
371 3524 522 3593 Ecclesia
548 3544 626 3610 sue,
654 3532 688 3591 et
715 3545 780 3592 non
807 3525 906 3592 fuerit
932 3532 966 3592 et
983 3545 1043 3592 uec
1070 3527 1112 3592 sit
1137 3525 1281 3608 ipsorum
1308 3521 1450 3588 filiorum

322 3631 472 3718 Baarch;
490 3634 594 3720 ipsum
612 3631 725 3718 itaque
742 3635 960 3702 iuramentum
969 3631 1157 3701 uolentibus
1175 3638 1210 3699 et
1225 3630 1363 3717 —ipsis
1373 3650 1449 3716 par-

323 3741 411 3809 tibus
428 3764 488 3830 per
503 3763 564 3810 nos
589 3744 718 3813 exstitit
738 3743 923 3830 judicatum
951 3751 1027 3830 pust
1042 3744 1104 3810 hcc
1130 3747 1242 3828 partes
1259 3743 1293 3807 in
1320 3742 1451 3812 octauis

323 3849 517 3920 Natiuitatis
527 3851 640 3922 Sancti
651 3853 813 3922 Johannis
824 3855 976 3939 Baptista
987 3873 1097 3920 coram
1109 3852 1204 3918 nobis
1216 3851 1452 3937 compareb-

322 3960 442 4028 seriem
458 3961 564 4049 ipsius
580 3963 755 4032 iuramenti
779 3965 812 4030 in
830 3964 937 4032 literis
955 3961 1036 4029 dicti
1057 3960 1276 4030 Varadiensis
1303 3959 1453 4045 Capituli

323 4067 517 4136 exhibendo.
535 4069 658 4140 Datum
674 4071 767 4141 Bude
783 4079 878 4140 sexto
894 4071 945 4139 dic
963 4071 1063 4159 medij
1078 4069 1349 4158 quadragesime,
1359 4087 1453 4136 anno

324 4177 454 4248 Domini
470 4179 530 4247 Mt
547 4180 626 4248 00⁰.
644 4183 868 4266 octuagesimo
886 4182 1000 4268 primo.

325 4373 466 4450 (Teutsuh
479 4374 511 4434 ds
521 4373 694 4447 Eirnhsbcr,
713 4373 950 4434 Urkundenbuch
963 4393 989 4431 u.
1000 4373 1106 4432 Gesch.
1120 4369 1258 4432 Sisbenb.
1270 4373 1294 4428 L
1306 4373 1335 4430 k.
1349 4371 1417 4432 121.
1430 4376 1450 4431 l.

371 4467 406 4523 L.
419 4485 437 4523 a
448 4465 630 4541 nsgyvdrudi
642 4465 783 4538 ktptslan
795 4463 1066 4540 biscnysdglevcldt
1078 4465 1208 4524 fennebb
1222 4465 1283 4523 148.
1296 4481 1337 4522 ur.
1352 4463 1398 4537 a.)

759 4726 1006 4744 flur—u———a-c--n-
