3116 5166
574 333 725 439 ..aa

100 539 195 599 eterno
219 529 369 598 cruciatu
395 531 509 598 uncrtis
533 533 691 619 eriperet,
712 539 746 598 et
761 522 965 610 redemptum
982 543 1043 595 suo
1061 527 1207 614 pretioso

99 637 246 723 sanguiue
263 637 419 704 salvaret.
445 637 515 704 Nos
531 637 631 722 igitur
655 641 689 706 in
706 641 769 710 hac
784 645 933 713 terrestri
958 635 1078 719 Patria,
1095 641 1208 718 quale·

99 765 149 813 nus
163 745 345 834 possimus,
363 754 564 829 exequentes
581 748 670 816 uices
687 751 810 838 ipsius,
825 753 976 820 levamus
992 745 1103 831 uigilis
1118 763 1210 811 more

98 855 229 940 pastoris
254 861 320 921 tam
348 873 543 939 corporeos,
570 876 668 940 quam
695 861 857 930 mentales
884 860 996 927 oculos
1012 857 1047 924 in
1064 853 1211 934 circuitu,

98 963 185 1030 nturi
194 1014 204 1050 ,
232 963 311 1048 quid
337 963 429 1048 gregi
456 963 631 1032 commisso
650 966 747 1035 nobis
763 968 937 1057 expediat,
955 973 987 1034 et
1003 962 1083 1050 quid
1099 956 1210 1047 operis

97 1069 230 1160 inpendi
247 1071 369 1139 debeat
380 1071 468 1139 circa
481 1073 600 1158 ipsum,
616 1079 652 1140 ut
668 1075 756 1144 illius
772 1075 845 1144 sulti
861 1073 1015 1164 presidio,
1026 1072 1117 1141 cuins
1134 1074 1210 1138 sunt

96 1186 174 1248 terre
197 1179 369 1262 cardines,
396 1181 448 1248 eni
473 1180 691 1266 cogitationes
715 1184 879 1253 hominem
895 1187 1126 1272 preparantur,
1141 1175 1213 1262 qui·

96 1287 297 1373 quatentium
313 1307 410 1356 arcus
426 1294 572 1374 superat,
590 1295 624 1358 et
638 1290 782 1361 infirmos
798 1293 913 1361 robore
938 1294 1089 1380 potenter
1104 1287 1214 1355 acciu·

95 1395 148 1480 git,
172 1397 273 1463 nostri
299 1403 412 1484 partes
437 1396 538 1466 officii
557 1399 737 1470 salubriter
752 1409 785 1468 et
800 1400 925 1469 utiliter
937 1414 1151 1485 exponamus,
1167 1393 1214 1462 ad

94 1523 132 1571 ea
147 1504 329 1590 presertim,
346 1524 409 1590 que
424 1505 577 1573 fidelibus
593 1509 724 1594 populis
740 1509 933 1578 necessario
950 1504 1106 1594 expedire
1122 1501 1213 1571 uide-

92 1611 188 1680 rimus
211 1619 246 1680 et
271 1614 457 1681 noverimus
482 1614 662 1701 profutura.
688 1619 808 1687 Verum
828 1619 906 1685 licet
922 1614 1084 1685 universis
1100 1617 1134 1678 et
1149 1611 1214 1678 sin·

92 1721 177 1809 gulis
200 1721 390 1803 regionibus
416 1723 488 1792 Deo
516 1731 550 1791 et
574 1726 766 1811 Apostolice
799 1723 878 1792 Sedi
909 1724 1039 1794 devotis
1065 1721 1215 1788 savorem

91 1829 333 1918 Apostolicum,
359 1831 511 1914 quotiens
536 1833 719 1900 necessitas
744 1833 877 1918 ingruit,
894 1830 1215 1918 impenderetenea·

92 1955 180 2022 mur,
196 1954 322 2021 nosque
339 1938 384 2006 ad
400 1958 459 2006 eas
482 1946 595 2008 nestro
620 1939 896 2009 considerationis
921 1937 1143 2010 diffundamur
1168 1934 1215 2000 in-

90 2045 226 2132 tuitum3
242 2063 328 2114 nnnc
343 2051 454 2114 tamen
471 2047 594 2117 nobilis
610 2050 717 2134 Regni
732 2050 879 2135 Ungarie
896 2047 1113 2116 necessitates
1129 2041 1216 2128 Apo·

90 2154 206 2222 stolice
221 2152 303 2222 Sedi
318 2153 504 2238 frequenter
520 2159 691 2246 expositas
707 2155 960 2245 precordialiter
975 2157 1148 2236 intuemur,
1162 2168 1217 2217 au-

89 2259 178 2331 ditus
192 2263 388 2346 recolimus,
414 2269 448 2330 et
472 2285 536 2330 non
554 2266 625 2334 sine
641 2267 752 2335 cordis
770 2265 994 2333 amaritudine
1011 2265 1124 2349 sepius
1140 2277 1218 2325 con·

88 2370 295 2456 templaumr.
321 2369 540 2440 condolemus
566 2375 653 2442 enim
669 2375 878 2442 tumultuosis
895 2372 1037 2440 motibus
1053 2377 1087 2438 et
1103 2366 1218 2435 sediti-

88 2478 158 2548 osis
175 2477 367 2547 tumultibus
383 2479 483 2566 illlus,
502 2481 557 2564 qui
582 2484 635 2548 uel
651 2503 712 2568 per
736 2479 878 2550 dissidia
895 2479 1118 2548 simulctatum
1137 2475 1219 2542 alte·

86 2592 214 2655 rutrum
240 2585 414 2670 dissident,
431 2589 486 2654 vel
502 2608 699 2674 congressus
716 2595 847 2658 mutuos
873 2595 909 2657 ot
923 2588 1015 2655 bella
1032 2587 1221 2671 plusquam

90 2695 204 2763 civilia
220 2695 406 2763 immaniter
423 2697 629 2766 colliduntur.
647 2701 698 2768 lix
719 2699 836 2784 quibus
853 2699 938 2766 inter
953 2696 1041 2780 alia,
1058 2693 1146 2762 douo
1162 2711 1222 2779 pa·

88 2802 140 2871 cis
155 2804 353 2871 mortalibus
369 2806 495 2873 eunctis
520 2808 702 2876 accomodo
720 2807 834 2875 libello
849 2806 928 2874 dato
943 2803 1093 2890 repudii,
1110 2799 1219 2886 graul-

85 2919 137 2978 ter
153 2911 275 2980 solium
293 2909 418 2995 Regale
434 2911 634 3001 deprimitur,
656 2915 792 3006 eiusque
807 2912 966 2998 depresso
982 2911 1141 2994 regimine
1157 2925 1223 2974 non

84 3021 195 3087 solum
211 3018 247 3086 in
264 3019 379 3106 Regno
393 3019 467 3104 ipso
483 3029 656 3090 uastantur
672 3021 925 3104 bonafidelium,
944 3019 1003 3085 sed
1020 3020 1093 3086 iura
1111 3015 1223 3082 Eccle-

86 3128 216 3194 aiarum
233 3135 267 3194 st
283 3128 422 3196 aliorum
439 3128 567 3214 piorum
583 3129 619 3196 in
636 3129 854 3214 direptionem
871 3128 1018 3210 ueniunt,
1036 3131 1069 3189 ct
1085 3123 1224 3189 libertas

87 3235 326 3304 ecclesiastica
342 3235 603 3322 dampnabiliter
628 3236 857 3318 conculcatur;
886 3233 1068 3301 animarum
1095 3244 1225 3314 quoque

86 3343 311 3414 subsecuntur
336 3344 541 3431 deploranda
567 3345 723 3432 pericula,
741 3344 889 3410 nefanda
905 3357 1117 3428 personarum
1135 3333 1225 3402 exci-

88 3453 158 3536 dia,
177 3457 211 3518 et
226 3452 296 3520 alia
311 3451 381 3518 lere
405 3452 576 3522 innumera
602 3453 813 3522 detrimenta.
838 3450 948 3529 Quare
973 3465 1037 3513 nou
1062 3443 1225 3513 immerito

87 3559 286 3630 accenditur
296 3562 387 3628 aelus
398 3569 521 3647 noster,
533 3569 566 3630 et
576 3561 663 3647 ignis
674 3562 706 3628 in
718 3567 830 3630 nostre
840 3553 1067 3626 meditationis
1078 3551 1228 3620 anxieta-

90 3668 185 3735 tibus
196 3662 985 3756 exardescit,dumquecogitationibnsprofundis
995 3659 1228 3744 immergimur,

92 3783 126 3842 et
136 3776 317 3846 laboriosis
334 3777 457 3860 vigiliis
475 3777 662 3864 fatigamur,
680 3785 856 3864 querentes
873 3772 970 3840 anxie
987 3776 1178 3854 oportunum
1193 3768 1230 3836 in

89 3891 187 3952 tante
198 3887 409 3953 necessitatis
421 3887 560 3954 articulo
577 3887 758 3954 remedium
774 3883 950 3952 adhibere:
967 3879 1048 3948 lieet
1063 3875 1229 3944 dosidere-

87 4010 166 4059 mus
183 3993 359 4080 interdurn,
371 3993 457 4078 qnod
475 3996 505 4062 si
522 4015 595 4062 cum
610 3993 735 4062 bonore
752 3993 815 4060 Dei
831 3997 865 4057 et
881 3984 1042 4068 Ecclesie,
1054 3982 1232 4062 aosalubri

87 4107 182 4168 statu
199 4109 383 4171 ceterorum
394 4102 537 4171 bdelium
554 4109 700 4171 nostram
717 4117 890 4188 possemus
900 4095 969 4161 illie
985 4091 1143 4160 exhibere
1159 4107 1231 4174 pre·

85 4212 250 4298 sentiam,
262 4221 296 4278 et
311 4233 379 4296 qua
394 4221 505 4281 mente
520 4213 664 4294 ferimur,
679 4214 725 4282 ibi
736 4208 958 4298 personaliter
973 4199 1231 4286 existentes,·Di·

79 4322 175 4386 vina
189 4320 264 4388 lulti
282 4319 437 4410 potentia
453 4341 514 4409 per
539 4319 739 4389 evidentiam
756 4321 865 4406 operis
881 4311 1031 4404 proprios
1049 4307 1233 4395 explicare·

77 4446 167 4494 mus
183 4429 342 4517 affectus3
368 4437 619 4511 verumtamen,
636 4427 713 4512 qnia
728 4426 762 4494 id
778 4425 922 4496 conditio
938 4423 1053 4487 nostra
1066 4431 1132 4483 non
1148 4414 1233 4498 pati·

85 4542 175 4622 tur,
201 4537 280 4622 qnia
304 4539 525 4623 ingruentium
550 4537 698 4622 undique
721 4537 927 4622 negotiorum
943 4525 1146 4598 immensitas
1161 4536 1234 4604 siv,

90 4649 255 4717 varietas
279 4669 348 4718 non
374 4649 533 4736 permittit
545 4699 554 4736 ,
581 4647 624 4716 ad
650 4647 873 4716 venerabilem
892 4646 932 4712 'in
952 4635 1233 4711 christu-tranen

166 4773 265 4817 uorum
274 4769 595 4818 uunamsanrru-a.
985 4749 1006 4814 9
