3142 5170
828 285 986 390 ..2⁹9-

342 487 482 553 uirerum
499 485 642 553 confessi
660 484 784 550 suntin
802 483 904 550 nostri
920 482 1092 567 presencia
1118 477 1363 558 concordasse,
1383 476 1468 560 qued

342 594 473 674 singule
497 595 606 660 emnia
632 593 746 660 eadem
775 590 892 657 relicte
918 609 941 655 e
963 586 1117 676 predicte
1133 585 1306 652 Dominiee
1325 603 1364 650 se
1383 603 1467 650 reee-

343 701 443 786 pisse‚
461 709 494 769 et
507 704 580 786 ipsa
595 701 628 767 in
645 701 797 769 omnibus
813 699 877 765 sibi
893 698 1105 765 satisfactum
1118 695 1219 762 fuisse
1230 694 1376 760 asseruit
1386 693 1467 759 uduo

344 817 378 874 et
393 817 461 877 tum
478 811 584 895 plene,
600 817 634 876 ut
650 813 683 875 in
699 809 827 893 signum
853 804 1041 874 huiusmodi
1066 800 1312 870 satisfactionis
1329 802 1407 890 ipsu
1425 822 1468 867 re·

344 917 423 984 lietu
438 936 539 1000 super
555 915 632 983 dete
647 923 680 981 et
695 915 861 1000 duteiieijs
886 935 926 982 ae
953 915 1049 980 rebus
1072 931 1184 979 seeum
1209 910 1377 996 eportatis
1394 929 1467 976 eun·

344 1022 418 1091 dem
446 1023 651 1090 Dominieum
667 1031 699 1089 et
714 1023 886 1091 Nieeleum
913 1021 1051 1090 fratrem
1077 1019 1224 1087 eiusdem
1241 1037 1353 1084 eorum
1372 1019 1468 1086 nubis

344 1129 486 1198 reddidit
512 1131 641 1216 penitus
666 1130 861 1214 expeditos;
888 1127 1069 1214 obligando
1099 1147 1156 1208 se,
1178 1125 1267 1210 qued
1283 1127 1468 1211 quiennque

345 1255 500 1324 proeesse
517 1245 698 1322 temporum
725 1237 864 1304 eundem
883 1234 1091 1304 Dominieum
1108 1241 1142 1302 et
1157 1235 1293 1302 fratrem
1309 1253 1406 1302 sunm
1423 1255 1469 1300 ru·

344 1343 437 1408 eiune
460 1346 608 1429 predicte
634 1343 722 1413 detis
747 1346 897 1432 inpetere
926 1349 1174 1428 attemptsrent,
1200 1343 1276 1428 ipsu
1302 1345 1422 1411 reiiete
1438 1355 1469 1410 et

345 1451 483 1536 tigidius
499 1455 681 1520 antedictus
698 1453 893 1519 tenebuntur
904 1472 962 1520 ees
979 1450 1136 1536 expedire
1145 1451 1290 1538 proprrjs
1301 1451 1468 1519 laboribus

345 1566 377 1624 et
402 1561 569 1646 expensis.
597 1562 634 1625 In
661 1562 756 1628 euius
780 1561 828 1626 rei
844 1561 1033 1628 memoriam
1050 1567 1224 1644 presentes
1241 1561 1468 1627 eoneessimns

344 1665 473 1734 litteras
498 1667 599 1750 sigilii
626 1669 730 1735 nestri
756 1669 932 1734 munimine
959 1669 1142 1735 roboratas.
1159 1667 1281 1735 Datum
1298 1689 1390 1737 anne
1406 1670 1467 1734 De·

346 1774 423 1839 mini
439 1774 614 1843 millesime
630 1775 854 1842 ducentesimo
872 1775 1097 1858 octuagesimo
1114 1783 1218 1843 sexto.

345 1964 480 2040 (Hdrtye,
497 1967 639 2044 rizfoltus,
653 1971 784 2042 apsesdt
802 1973 952 2028 elvesuett.
974 1967 1261 2043 Peusonykdptsluni
1290 1967 1432 2042 orsudges
1444 1970 1467 2024 is

392 2060 394 2069 '
558 2062 661 2121 velttr.
675 2061 773 2134 Capsa
786 2060 864 2118 XIV.
879 2061 965 2119 sese.
980 2061 1005 2115 4.
1021 2059 1071 2118 Νι.
1084 2062 1109 2116 8.
1136 2061 1255 2128 tineus.)

781 2343 1037 2356 m

874 2883 948 2951 185.

346 3081 537 3170 Apozsonpe'
560 3081 717 3166 kdptalun
741 3078 1021 3167 bieouyrdpleeele‚
1047 3077 1129 3165 hopy
1144 3079 1250 3166 Poleye'
1268 3081 1384 3147 Tarnis
1396 3081 1474 3169 prdf

347 3213 403 3278 epp
419 3187 554 3258 Saralia
570 3187 765 3290 delpsdpeben
782 3188 849 3253 tent
857 3185 1069 3274 sedutdfdldet
1080 3185 1227 3274 Mareelf
1238 3189 1468 3275 hdromfidnuit

515 3293 703 3383 molpdlater'
717 3294 911 3362 tekiutetdbdl
927 3295 1178 3382 adontdupozott.
1206 3297 1306 3366 1286.

455 3492 626 3562 Vniuersis
644 3491 767 3560 Christi
791 3491 944 3560 fideiibns
970 3497 1145 3578 presentes
1161 3491 1290 3561 litteras
1306 3495 1468 3580 inspectu-

345 3601 401 3686 ris,
418 3599 605 3686 Oepitulum
622 3601 771 3668 Euelesie
788 3602 1000 3670 Pesuniensis
1025 3601 1166 3668 salntem
1182 3600 1218 3667 in
1241 3603 1393 3672 Domine.
1419 3604 1467 3670 Ad

346 3711 576 3777 uniuersorum
592 3708 745 3775 notieiam
764 3714 878 3777 tenure
895 3709 1101 3796 presentium
1118 3709 1270 3776 uolumus
1287 3715 1469 3796 peruenire.

347 3817 442 3896 Quod
457 3817 559 3884 nubili
576 3817 646 3884 nire
664 3817 791 3885 comite
808 3818 937 3886 Thema
953 3818 996 3885 de
1013 3819 1106 3903 Peky
1133 3819 1175 3883 uir
1202 3837 1268 3885 une
1285 3829 1392 3904 perte,
1410 3820 1470 3889 Lu·

348 3926 456 3993 dislue
472 3923 541 3994 filie
558 3925 705 3992 Mereoifi
724 3947 782 4012 pro
801 3945 838 3994 se
853 3932 888 3992 et
904 3945 963 4011 pre
978 3927 1112 3994 Nieelre
1129 3945 1168 3992 ee
1185 3925 1345 4011 Muneris,
1364 3931 1470 4001 frutri-

347 4033 409 4100 bus
424 4033 493 4098 suis
510 4033 551 4100 ab
566 4034 683 4117 altere,
701 4053 810 4102 euram
828 4035 925 4104 nobis
941 4035 1161 4121 personaliter
1177 4036 1469 4120 constituentium

348 4139 634 4210 comestiones
662 4143 828 4224 quandem
855 4144 1051 4227 purtieulum
1075 4151 1162 4210 terre
1190 4161 1250 4210 sue
1275 4147 1414 4216 erabilis
1429 4154 1469 4220 de
1552 4195 1553 4198 =

347 4251 477 4318 Serulie
486 4300 495 4336 ,
521 4259 706 4338 exemptum
734 4259 768 4320 et
784 4255 949 4324 exuissem
976 4277 997 4321 a
1013 4257 1110 4321 terris
1126 4254 1321 4341 populorum
1337 4275 1469 4327 suerum

347 4360 380 4426 in
399 4356 515 4427 eedem
531 4359 609 4427 niltu
626 4361 759 4428 seratis
775 4364 1002 4445 existentium,
1013 4381 1110 4450 quern
1127 4363 1256 4447 quidem
1273 4367 1468 4450 perticulam

346 4474 432 4532 terre
457 4485 517 4550 pro
542 4485 601 4532 usu
627 4468 678 4534 sui
708 4470 830 4555 preprij
857 4471 958 4537 uretri
984 4478 1199 4537 uuusuenerat
1233 4473 1394 4559 retinere,
1423 4483 1465 4548 st-

345 4575 415 4640 mul
440 4591 512 4640 eum
538 4589 680 4662 nemore,
698 4579 786 4660 quod
802 4579 888 4646 iuuet
905 4579 938 4644 in
955 4577 1017 4645 tine
1034 4577 1182 4662 prediete
1198 4579 1357 4664 partiente
1376 4591 1470 4665 terre,
