3156 5158
118 1527 181 1594 IV.
197 1528 307 1614 troppis
322 1527 398 1592 Krec
415 1525 530 1590 Lauro
543 1525 716 1612 kirdlynak
732 1525 886 1612 Reviauye
903 1526 1045 1590 birtolrro
1072 1526 1246 1592 conculcent

360 1634 537 1722 ademunpa
554 1633 709 1720 Hocymer
729 1637 883 1698 eadmero.
912 1635 1009 1698 1272.

230 1853 406 1921 Ladislaus
436 1851 499 1918 Dei
524 1851 640 1934 gracia
665 1849 854 1938 Hungarie,
881 1850 1073 1936 Dalmacie,
1099 1849 1246 1937 Oroacie,

118 1962 235 2047 Rame,
248 1961 374 2044 Seruio,
384 1957 538 2044 Gallicie,
551 1957 757 2043 Lodomerie,
770 1961 937 2043 (inmanie,
950 1959 1166 2044 Buigarieqnc
1176 1961 1248 2026 Rex

119 2070 274 2138 omuibus
285 2068 407 2136 christi
418 2068 579 2152 fidelibus,
591 2067 800 2153 presentibus
810 2069 934 2156 pariter
947 2075 979 2134 et
989 2066 1105 2134 futuris
1116 2087 1247 2154 presen-

109 2160 175 2244 tes
190 2177 306 2244 literas
322 2177 525 2263 inspecturis
542 2165 678 2244 salntem
695 2177 729 2242 in
750 2177 894 2244 omnium
911 2177 1089 2244 saluatore.
1106 2176 1159 2242 Ad
1175 2176 1247 2242 nui·

120 2285 293 2354 uersurum
313 2287 475 2354 noticiam
499 2291 612 2352 tenore
638 2284 844 2371 presencium
871 2284 1021 2351 volumus
1047 2284 1245 2371 pervenire:

118 2393 211 2478 quod
236 2391 311 2460 dum
338 2392 505 2479 Hocymer
535 2393 702 2477 quandam
730 2392 927 2479 particulam
953 2400 1037 2460 terre
1062 2395 1248 2481 Rerissnye

118 2503 307 2570 vocitatam
332 2505 378 2570 ad
397 2521 490 2570 usum
508 2501 642 2568 duorum
668 2510 850 2572 aratrorum
876 2503 910 2567 in
938 2503 1025 2568 Arva
1050 2503 1247 2570 existentem

117 2611 165 2676 ad
183 2609 437 2678 resaroicionem
455 2610 569 2676 mortis
585 2610 645 2677 filii
660 2611 747 2677 suia
767 2610 862 2676 nobis
887 2609 952 2698 sibi
977 2610 1051 2676 dari
1075 2611 1247 2698 petiverat,

115 2720 182 2788 sed
200 2721 280 2802 quia
297 2719 339 2786 de
357 2717 445 2786 tacto
463 2718 610 2804 ejusdem
625 2725 710 2786 terre
727 2719 850 2786 veritas
866 2716 963 2786 nobis
979 2739 1045 2785 non
1062 2720 1247 2808 constabat,

115 2827 279 2896 Michaeli
295 2828 416 2896 Comici
443 2830 484 2896 de
500 2829 636 2916 Zolycm
652 2829 772 2895 dilecto
799 2835 831 2894 ot
855 2825 945 2896 fideli
970 2837 1082 2898 nostro
1110 2829 1248 2907 dederas

115 2958 195 3006 mus
211 2939 248 3002 in
265 2937 443 3024 mandatis,
459 2945 494 3007 vt
510 2945 630 3004 terram
647 2937 784 3004 eandem
801 2943 958 3008 statueret
983 2936 1169 3024 Hooymerc
1196 2958 1247 3004 sn-

116 3047 287 3134 pradicto,
305 3049 427 3117 nuilius
441 3047 573 3134 justicie
590 3047 793 3133 derogando,
811 3047 869 3130 qai
884 3046 979 3117 nobis
990 3067 1070 3116 snas
1088 3048 1205 3118 literas
1215 3049 1248 3115 in

114 3159 184 3226 hec
201 3157 304 3225 rerba
320 3157 512 3226 destinavit.

233 3267 519 3336 Excellentissimc
555 3289 594 3334 ac
619 3265 917 3336 beneficentissimo
943 3265 1073 3334 domino
1099 3287 1158 3334 suo
1184 3268 1246 3337 La·

112 3377 234 3446 dislao
251 3376 316 3444 Dei
330 3379 446 3462 gracia
461 3377 545 3462 Regi
561 3377 731 3460 Hungarie
747 3375 889 3446 Michael
907 3376 1023 3443 Comes
1043 3375 1085 3442 de
1109 3377 1245 3465 Zolyorn

112 3485 385 3554 inclinationem
401 3505 474 3553 oum
491 3485 631 3554 servicio
648 3485 830 3554 fidelitatis.
850 3485 979 3552 Literas
996 3483 1112 3552 Vostre
1136 3487 1246 3554 Domi·

111 3595 280 3664 nacionis
295 3595 484 3681 recepimus
502 3594 726 3678 continentes,
743 3593 832 3678 qnod
856 3600 978 3662 terram
1002 3595 1187 3682 Rerissnye
1212 3598 1246 3664 in

110 3707 218 3772 Arva
232 3703 431 3772 existentem
457 3703 518 3770 snb
542 3703 638 3770 metis
664 3711 697 3772 et
720 3703 868 3770 terminis
894 3701 1037 3787 antiquis
1063 3701 1246 3790 Hocymero

110 3818 308 3882 statuerem
333 3819 491 3900 perpetuo
515 3811 764 3897 possidendam.
792 3811 891 3880 Cuius
917 3810 1048 3894 quidem
1063 3819 1149 3880 terre
1162 3822 1247 3882 mete

109 3922 372 4006 distinguuntur
390 3945 397 3986 :
415 3922 532 4009 incipit
547 3923 632 3990 enim
648 3921 753 4007 prima
769 3928 858 3990 meta
873 3940 892 3988 e
906 3928 1001 4007 parte
1025 3942 1144 4008 magne
1160 3923 1247 4008 ville,

108 4032 180 4097 vbi
199 4031 263 4097 duo
278 4029 371 4098 fluvii
387 4032 635 4115 coniunguntur,
652 4029 810 4099 videlieet
824 4027 941 4096 fluvius
957 4027 1072 4096 thnk
1088 4037 1122 4096 et
1132 4027 1247 4098 fluvius

105 4139 324 4227 Rerissnye,
341 4145 374 4206 et
389 4159 449 4226 por
464 4140 571 4225 ipsum
585 4135 717 4205 flurium
733 4137 942 4206 ascendendo
967 4138 1063 4206 vadit
1084 4139 1129 4206 ad
1154 4140 1247 4207 arbo-

103 4269 197 4318 rem
213 4247 321 4335 pomi,
337 4248 457 4316 deiude
472 4245 612 4316 flectitur
628 4247 672 4314 ad
686 4267 783 4316 vnum
800 4247 1013 4314 monticulum
1030 4245 1167 4314 Hradek
1192 4267 1248 4315 no·

103 4362 307 4444 minatum
325 4357 446 4426 deinde
462 4358 567 4426 tondit
582 4376 696 4426 versus
713 4355 915 4424 occidentem
927 4356 971 4424 ad
986 4362 1129 4424 montem
1144 4357 1247 4442 Scan,

100 4467 251 4538 deinde
266 4447 476 4552 procedendo
491 4469 590 4536 currit
605 4487 663 4554 per
680 4473 806 4535 montes
822 4465 865 4534 ad
890 4473 1032 4533 montem
1048 4463 1173 4552 Valeh;
1189 4486 1249 4551 per

14 4611 15 4614 ¹
99 4577 346 4648 summitatem
363 4577 508 4644 eiusdem
525 4577 643 4644 montis
660 4577 760 4642 currit
776 4593 889 4644 uersus
917 4574 1095 4658 orientem,
1121 4583 1154 4640 et
1177 4593 1247 4660 per·

169 4683 282 4726 ἌΟΙΙΜ.
292 4683 372 4727 nunu.
386 4681 460 4725 ΗΜ.
474 4685 542 4727 DlPL.
551 4703 579 4713 -
588 4681 608 4724 9.
1069 4683 1086 4747 1
