3156 5158
600 265 713 376 .„„2⁵.-
734 365 748 372 -

112 469 248 538 turuiem
274 475 361 538 terre
385 467 561 538 Dominum
578 470 824 553 eognosoeutes.
841 466 879 532 In
895 465 1012 550 quihus
1028 467 1157 550 quidem
1173 485 1227 534 oa·

112 579 202 648 sibus
228 584 322 665 patre
349 582 460 645 nostro
485 582 519 644 st
543 576 657 661 nobis,
678 575 773 659 quusi
798 575 834 644 iu
849 575 1086 660 desperaoiune
1100 575 1228 662 positis,

111 685 195 754 idem
219 686 379 772 Magister
404 685 518 754 Petrus
535 703 607 753 oum
623 681 739 750 eodem
754 681 885 754 Matheo
902 683 1003 752 fratre
1019 704 1089 770 suo,
1106 691 1140 752 ot
1154 702 1228 752 oum

112 793 304 878 quibusdum
329 793 407 860 aliis
422 793 484 860 sub
501 792 639 860 castello
666 791 815 877 predioto
831 799 864 859 et
879 792 962 860 louis
978 793 1063 878 aliis,
1080 793 1229 879 repetitis

112 921 229 988 nempe
255 901 400 984 viribus,
425 919 483 987 pro
509 899 633 968 honore
649 908 681 966 et
697 899 897 970 liberatione
913 901 1041 986 negocii
1055 901 1160 988 putris
1172 921 1228 969 uo·

111 1011 190 1095 stri,
205 1009 312 1078 dubiis
336 1009 497 1078 bellorum
523 1009 696 1078 euentibus
724 1027 760 1076 se
787 1009 988 1079 uommittere
1003 1029 1067 1076 uon
1084 1009 1227 1096 expauit,

111 1125 260 1203 potenter
277 1116 465 1185 dimicando
491 1117 643 1184 milioism
661 1117 806 1184 exercuit
825 1117 1013 1201 frequenter
1028 1118 1227 1202 virtuosam

112 1227 249 1294 sudores
274 1225 411 1293 bellioos
427 1231 460 1292 et
476 1225 590 1292 letalia
616 1225 753 1292 vulnera
769 1225 971 1311 sustinendo,
981 1225 1121 1292 maxime
1141 1225 1228 1292 ineo

113 1335 276 1420 oonfliotu,
293 1335 426 1418 quaudo
442 1335 652 1418 Laureuoius,
676 1331 761 1400 iilius
787 1334 925 1422 Keuryu,
942 1339 976 1402 et
991 1333 1084 1402 multi
1100 1333 1157 1400 alii
1174 1353 1226 1400 ea

111 1446 157 1530 pti
173 1445 304 1512 fuerunt
332 1453 366 1511 et
391 1446 539 1530 iugulati.
564 1445 653 1512 Sane
675 1463 747 1511 oum
765 1443 895 1528 Hennes
911 1443 1033 1526 Bauer,
1051 1447 1085 1510 et
1099 1443 1157 1512 alii
1172 1443 1229 1510 aui

111 1553 216 1620 nostri
242 1552 393 1638 barones,
420 1557 592 1638 prenotato
608 1550 853 1636 perseeuoiouis
869 1554 1025 1637 tempore,
1042 1556 1156 1618 eontra
1171 1569 1228 1634 pa·

112 1669 192 1729 trem
208 1667 354 1730 nostrum
379 1666 508 1727 armata
523 1659 646 1727 milioia
666 1660 881 1744 aoeesissent,
899 1659 987 1728 idem
1002 1658 1156 1744 magister
1171 1658 1229 1724 Po·

113 1777 182 1835 trus
197 1789 270 1837 oum
286 1769 415 1854 profatu
441 1768 541 1834 fratre
562 1787 632 1849 suo,
646 1767 828 1834 huiusmodi
839 1767 1032 1853 preveniens
1043 1766 1228 1850 exereitum,

112 1879 218 1962 ipsum
234 1879 345 1964 Erney
361 1878 486 1946 Beuum
505 1875 670 1945 deriotum
686 1877 717 1941 iu
738 1876 842 1963 prelio
860 1875 1061 1964 eaptinanit;
1089 1876 1143 1943 sbi
1157 1877 1230 1962 ipse

112 1985 254 2052 letaliter
278 1986 404 2054 exstitit
428 1986 608 2054 sauciatus.
625 1986 706 2052 Item
722 1985 757 2050 in
772 1984 924 2070 llsuaaeg
940 2005 1013 2054 oum
1028 1986 1227 2071 idempater

112 2103 225 2162 noster
239 2102 354 2164 eontra
369 2095 483 2164 Belum
499 2093 623 2164 Duoem
632 2143 641 2177 ‚
659 2093 897 2180 Prewoiiiuum,
912 2094 1090 2162 Henrieum
1103 2097 1229 2162 Beuum

112 2211 145 2270 et
160 2201 245 2270 ulios
260 2201 365 2287 ipsius
381 2202 436 2268 uui
451 2201 554 2280 nostri
570 2199 737 2268 adiutores
753 2207 787 2269 et
802 2202 959 2289 Baiones,
976 2201 1158 2272 oonfliotum
1173 2202 1230 2270 ha-

111 2310 204 2376 beret
212 2360 223 2396 ‚
239 2312 327 2380 idem
353 2310 511 2396 magister
527 2309 664 2395 Petrus,
681 2309 756 2378 lieet
771 2315 869 2378 autea
884 2309 1086 2380 transfossus
1102 2311 1229 2395 lanoea,

113 2425 148 2486 et
163 2427 274 2486 seotus
289 2417 401 2504 gladio
427 2418 570 2486 militare
587 2435 651 2483 non
668 2418 805 2500 valeret,
823 2417 905 2485 mori
921 2424 1028 2488 tamen
1053 2439 1112 2506 pro
1137 2424 1231 2504 patre

111 2533 225 2597 nostro
241 2535 275 2594 et
293 2527 388 2596 nobis
406 2525 506 2610 elegit
521 2526 645 2613 pooius,
659 2547 760 2610 quam
774 2535 853 2594 ante
869 2531 1151 2596 oonsnmaoionem
1161 2529 1229 2595 lau-

111 2637 270 2708 dabiliter
302 2637 488 2719 relinquere
515 2635 682 2704 inioiatum
707 2635 876 2718 negocium
899 2637 1003 2721 patris
1028 2635 1149 2722 nostri;
1174 2635 1231 2704 ubi

111 2765 267 2812 eoronam
285 2745 390 2830 Regni
408 2743 575 2828 Hungarie
591 2745 707 2812 oelitus
723 2741 819 2812 uobis
835 2762 894 2830 per
909 2746 1150 2814 snooessiouem
1165 2751 1230 2814 tra·

110 2855 215 2921 ditum
231 2853 265 2920 in
292 2872 434 2938 persona
450 2851 552 2937 patris
568 2853 671 2920 nostri
687 2852 902 2937 obtinuimus,
919 2859 953 2920 et
968 2853 1231 2938 reeuperauimus

110 2982 173 3048 per
189 2960 335 3030 eiusdem
350 2960 500 3048 magistri
524 2960 613 3027 Petri
644 2949 835 3032 fidelitatem
861 2962 1159 3032 eommendabilem.
1191 2962 1231 3030 Iu

108 3090 180 3153 quo
194 3068 324 3152 quidem
347 3067 519 3153 oonfliotu,
542 3069 625 3137 Bela
655 3070 744 3136 Duoo
775 3069 939 3156 effugato,
970 3079 1003 3138 et
1033 3071 1231 3140 Prewoolino

106 3178 294 3265 interfecto,
313 3176 474 3246 Heurious
489 3177 602 3248 Banus
618 3197 692 3246 oum
707 3177 782 3246 titiis
797 3185 830 3246 et
845 3177 1058 3265 eomplioibus
1081 3179 1150 3248 suis
1176 3199 1231 3246 ex·

107 3287 196 3354 stitit
225 3286 419 3372 captiuatus.
451 3284 551 3354 Porro
581 3305 653 3352 oum
685 3283 879 3370 Ottooarns,
911 3284 1127 3356 Bonemorum
1148 3286 1231 3374 Rex,

107 3405 192 3465 tune
221 3397 324 3482 patris
356 3398 474 3479 nostri,
507 3413 590 3462 nune
620 3402 730 3464 autem
756 3402 867 3462 noster
893 3395 1046 3482 ospitalis
1072 3395 1231 3477 inimious,

110 3506 193 3572 fidei
208 3523 266 3572 sne
282 3504 443 3587 desertor,
455 3504 580 3572 violata
594 3523 687 3590 paee,
702 3502 817 3572 fruetis
832 3504 967 3588 treugis,
984 3509 1017 3570 ut
1032 3503 1137 3590 ruptis
1147 3503 1232 3571 iura·

106 3613 214 3680 meuti
243 3613 295 3680 sui
315 3612 473 3695 vineolis,
498 3610 620 3680 doeens
650 3613 685 3679 in
702 3612 858 3680 auxilium
874 3612 937 3680 sibi
971 3609 1083 3682 florem
1110 3611 1232 3680 milioie

105 3721 218 3788 tonius
258 3721 473 3807 Alemannie,
510 3729 625 3789 ooutra
664 3728 793 3808 patrem
833 3727 975 3790 nostrum
1007 3719 1088 3790 fines
1127 3721 1232 3807 Regni

103 3829 283 3914 Hungurie
291 3828 521 3915 poteuoialiter
532 3829 691 3915 adiisset5
708 3829 884 3898 Posouium
896 3835 930 3896 et
945 3829 1085 3914 quedam
1100 3829 1169 3900 alia
1179 3850 1232 3899 oa·

102 3945 186 4006 stra
200 3937 467 4024 proditionaliter
490 3939 703 4025 oeoupeudo;
729 3938 881 4022 idemque
895 3945 992 4024 pater
1007 3943 1119 4010 nostor
1133 3957 1234 4026 gene·

104 4049 219 4114 ralem
242 4048 391 4116 leuasset
414 4047 589 4114 exereitum
608 4055 729 4143 eontra
754 4066 838 4132 eum,
857 4066 938 4136 sepe
954 4047 1061 4116 dietus
1076 4049 1235 4137 magister

100 4157 250 4238 Petrus,
275 4156 371 4224 simul
397 4173 468 4222 oum
494 4156 610 4226 eodem
637 4155 741 4226 fratre
756 4177 815 4225 suo
826 4205 835 4242 ,
851 4157 939 4244 apud
955 4157 1146 4244 Poronium‚
1161 4164 1237 4244 post

101 4266 204 4332 eirea
218 4264 424 4352 Musunium,
440 4284 505 4351 quo
521 4264 607 4333 idem
633 4267 703 4334 Rex
718 4264 939 4334 Bohemorum
955 4271 1067 4336 eastre
1081 4283 1142 4335 sua
1158 4263 1235 4334 deti·

100 4381 220 4457 xerat,
236 4374 356 4444 milioie
373 4394 432 4444 sue
445 4376 550 4445 aoiem
567 4376 611 4444 ad
627 4376 749 4444 bellum
763 4374 983 4463 properando,
999 4375 1184 4444 eudemum
1198 4373 1234 4442 iu

97 4481 213 4549 fluuio
228 4481 385 4552 Rebuohe
401 4479 575 4570 (Rabona),
591 4483 678 4552 vnde
692 4481 735 4553 de
749 4503 830 4553 area
839 4481 1133 4570 oertaminis‚quum
1147 4483 1235 4569 patri

95 4598 227 4663 nostro
256 4589 336 4658 felix
363 4597 511 4662 oesserst
526 4591 665 4664 monna
675 4641 687 4682 ,
713 4599 749 4664 rt
772 4594 829 4664 uix
844 4591 952 4664 suasit
967 4589 1142 4679 fugitiuum
1158 4595 1237 4660 ante
