3146 5146
883 285 903 350 8

812 375 882 384 κ-
885 375 972 384 ...-..-

335 493 404 580 tore
422 484 525 571 ipsius
541 483 623 550 inita
641 483 756 552 federa
773 489 863 550 tanto
882 479 1049 552 efficacius
1061 493 1150 550 tuam
1167 482 1266 550 debet
1282 483 1449 550 Ειιιιιιιιιι

334 595 412 662 tiam
428 595 545 662 horum
561 592 783 660 consideratio
800 593 952 680 invitare,
969 598 1090 677 quanto
1108 591 1259 659 iudicium
1270 590 1370 659 estde
1382 611 1454 678 pre·

333 703 429 770 terito
445 702 584 785 certius,
602 721 643 767 ee
658 720 718 788 per
732 702 839 787 ipsum
855 721 920 769 non
938 719 1011 768 esse
1027 699 1186 768 hactenus
1203 699 1327 768 violete
1336 751 1346 786 ,
1363 699 1454 768 etde

333 811 440 878 futuro
454 808 664 876 verisimilius
698 811 787 876 credi
814 815 943 895 petest,
968 829 1029 876 nec
1054 810 1264 894 imposterum
1289 808 1452 875 violanda.

334 917 445 986 Adicit
459 925 568 985 autem
583 917 628 984 ad
643 917 809 986 servande
824 939 846 984 a
871 923 904 985 te
929 916 1114 986 huiusmodi
1142 917 1383 986 observationis
1408 917 1453 982 iu-

335 1027 488 1096 stantiam
505 1050 512 1090 :
530 1025 607 1110 quia
622 1027 651 1094 si
667 1027 741 1110 quis
767 1027 801 1092 in
826 1026 941 1094 eodem
967 1025 1115 1114 genitore
1141 1025 1195 1092 vel
1219 1027 1290 1092 eins
1315 1023 1454 1092 subditis

334 1135 445 1204 forsan
461 1135 555 1218 argui
572 1135 677 1220 possit
699 1153 872 1220 excessus,
889 1134 976 1203 idem
992 1137 1062 1202 Rex
1080 1134 1114 1201 L.
1133 1134 1178 1202 ad
1194 1133 1454 1202 emendationem

333 1265 406 1311 cum
423 1243 532 1311 debite
549 1243 786 1312 satisfactionis
821 1243 1079 1332 promptitudine
1106 1243 1199 1310 iuxta
1224 1241 1455 1310 conventiones

335 1353 368 1420 in
384 1351 550 1420 federibus
567 1351 724 1436 predictis
749 1351 897 1418 adiectus
923 1353 1043 1420 dicitur
1067 1369 1141 1418 esse
1157 1349 1296 1420 votivus.
1322 1351 1364 1416 Et
1379 1350 1456 1433 quia

335 1481 395 1528 nec
410 1459 588 1546 gloriosum
603 1461 687 1526 toret
702 1459 896 1528 celsitudini
913 1459 1028 1546 Regie,
1045 1479 1107 1527 nee
1122 1459 1227 1546 glorie
1242 1459 1370 1544 Regali,
1385 1477 1455 1522 ma-

335 1567 487 1654 gnificum
502 1567 537 1635 in
552 1567 714 1655 pupillum
730 1569 919 1655 insurgere,
947 1574 1005 1634 aut
1020 1573 1141 1635 etatem
1158 1575 1224 1634 tam
1239 1573 1384 1634 teneram
1400 1565 1454 1630 inr-

334 1697 483 1764 pngnare
501 1701 509 1740 :
525 1675 667 1761 ideoque
683 1677 900 1744 serenitatem
925 1677 1063 1763 Regiam
1088 1695 1277 1760 monemus,
1303 1695 1455 1758 rogemus

336 1793 368 1854 et
391 1785 561 1852 hortamur
586 1786 619 1850 in
643 1785 783 1852 Domino
808 1785 912 1852 Jehsu
938 1785 1086 1872 Christo,
1104 1785 1136 1850 ivr
1154 1785 1382 1852 remissionem
1397 1784 1456 1850 tibi

334 1899 541 1980 peccatorum
558 1891 758 1976 suadentes,
787 1900 945 1978 qnatenus
967 1891 1134 1977 predictas
1151 1894 1386 1960 conventiones
1401 1891 1454 1956 di-

334 2003 473 2088 ligenter
488 2000 690 2088 observans,
706 2001 750 2070 ab
774 2001 862 2068 omni
889 2002 1057 2068 memorati
1083 2003 1182 2087 Regis
1199 2001 1236 2068 L.
1262 2021 1455 2086 suorumque

334 2109 459 2178 offensa
475 2117 508 2175 et
523 2109 643 2176 iniuria
658 2109 792 2178 studeas
818 2110 950 2196 penitus
966 2109 1151 2196 abstinere,
1177 2111 1209 2176 in
1235 2111 1298 2178 hoc
1322 2133 1388 2178 non
1403 2129 1453 2178 so-

334 2217 400 2284 tum
416 2218 564 2284 eiusdem
593 2217 694 2304 Regis
710 2217 766 2302 L.,
793 2227 825 2284 ιι
841 2219 1011 2286 carissime
1042 2219 1074 2285 in
1101 2219 1231 2286 christo
1256 2219 1322 2286 tilie
1347 2226 1457 2286 nostre

335 2325 493 2394 Ysabelle
510 2327 671 2395 consortis
688 2328 807 2414 ipsius,
825 2337 901 2393 uate
919 2328 1085 2394 carissimi
1104 2327 1138 2392 in
1163 2327 1294 2395 Christo
1319 2327 1377 2393 titii
1401 2347 1457 2392 no·

334 2435 395 2501 stri
412 2483 418 2498 .
436 2483 443 2498 .
462 2483 469 2499 .
485 2435 584 2520 Regis
600 2434 710 2502 Sicilie
726 2435 885 2515 Illustris‚
902 2436 982 2502 etati
998 2435 1165 2519 detenens,
1183 2437 1244 2502 sed
1259 2437 1302 2502 ad
1319 2436 1456 2503 eundem

333 2543 457 2628 Regem
474 2543 597 2630 Sicilie,
610 2544 710 2610 virum
727 2545 859 2629 quidem
878 2551 972 2611 tante
983 2545 1178 2613 excellentie
1193 2563 1233 2610 ae
1249 2545 1387 2630 virtutis,
1403 2545 1456 2610 cui
1556 2529 1557 2532 ¹

335 2650 530 2718 celsitudini
549 2653 695 2719 incutite
710 2653 780 2721 fore
797 2651 958 2720 credimus
974 2652 1006 2718 in
1023 2653 1213 2722 sinceritate
1223 2653 1370 2721 caritatis
1387 2655 1455 2718 uni·

335 2759 381 2844 ri,
397 2767 496 2844 prout
509 2763 542 2825 te
558 2759 654 2826 decet
664 2811 674 2845 ,
698 2761 892 2845 attendens,
911 2761 1097 2845 nostrisque
1128 2761 1377 2847 monitionibus,
1394 2780 1457 2845 que

334 2867 492 2933 honorem
508 2867 609 2934 etiam
625 2876 715 2935 tuum
741 2871 937 2956 respiciunt,
963 2889 1035 2934 cnm
1058 2875 1114 2935 ιιι
1140 2871 1359 2956 Magnitudini
1383 2889 1459 2936 cou-

334 2981 432 3060 gruet
447 2975 611 3060 premissa
620 2997 764 3063 servare,
776 2977 885 3044 taliter
899 2979 1126 3063 acquiescens,
1137 2980 1222 3062 quod
1239 2979 1284 3046 ad
1300 2986 1357 3045 tua
1373 2997 1456 3045 com-

335 3085 432 3151 moda
447 3085 618 3154 memorati
634 3083 732 3170 Regis
753 3085 865 3154 Sicilie
882 3085 1025 3152 animum
1047 3086 1218 3172 attrahas,
1246 3093 1279 3154 et
1295 3087 1385 3171 apud
1401 3105 1459 3154 nus

335 3192 473 3278 proinde
488 3201 698 3276 angmentum
713 3193 771 3259 tibi
789 3194 914 3262 tavoris
931 3193 1097 3277 acquiras.

675 3405 813 3478 (rheiuer
831 3407 869 3464 id.
887 3425 923 3464 m.
936 3407 957 3462 Ι.
971 3407 998 3462 k.
1012 3407 1074 3464 306.
1087 3407 1118 3478 l.)
