3154 5166
857 275 922 344 360

810 373 974 388 -ᾑ

327 474 463 564 turpiter
474 481 508 544 et
522 475 738 562 impudenter,
751 474 883 542 abiecta
893 475 1034 563 coniuge
1044 475 1186 560 propria,
1199 477 1381 562 Regalibus
1391 477 1448 543 nti·

328 603 391 668 qne
416 588 488 651 orta
512 585 679 652 natalibus
705 590 738 652 et
763 582 899 652 honeste
924 581 1183 651 conversationis
1209 604 1250 650 ac
1266 585 1334 650 rite
1349 585 1452 651 titulis
1556 635 1557 638 η

327 691 486 778 insignita
496 743 505 779 ,
530 691 688 760 videlicet
713 692 888 762 carissima
903 693 936 757 in
955 693 1086 762 cbristo
1103 692 1173 760 filia
1189 697 1301 760 nostra
1318 695 1354 760 ll.
1373 694 1450 761 lllu·
1556 709 1557 734 ³

328 800 387 866 stri
404 798 531 885 Regina
557 801 723 885 Ungarie,
749 800 927 868 crudeliter
952 800 1083 868 seviens
1108 801 1141 864 in
1167 819 1205 868 se
1220 801 1330 887 ipsum
1345 805 1380 866 et
1394 801 1452 868 do·

330 929 417 974 mum
437 907 581 992 Ungarie
597 909 746 976 inclitam
761 909 908 994 Regibus
919 909 1044 994 pollere
1055 907 1234 977 Catholicis
1249 915 1451 994 consuetam,

328 1015 456 1084 tbornm
483 1016 598 1086 fedare
625 1039 689 1086 non
716 1019 831 1086 metuit
857 1020 1061 1104 coniugalem
1087 1019 1120 1084 in
1137 1016 1293 1104 grandem
1310 1038 1452 1106 superne

328 1123 513 1194 Maiestatis
529 1125 708 1213 offensam,
735 1147 840 1214 greve
865 1145 923 1196 ιιι
950 1129 1068 1195 salutis
1085 1126 1294 1211 dispendium
1311 1134 1346 1194 et
1361 1147 1452 1196 scan-

330 1232 441 1301 dalum
458 1232 602 1302 fidelium
619 1235 842 1322 plurimorum.
866 1237 937 1304 Nos
953 1241 1058 1303 autern
1075 1235 1291 1318 equanimiter
1306 1238 1394 1305 ferre
1410 1243 1453 1302 ta·

329 1342 376 1408 lia
401 1347 435 1406 et
459 1348 528 1409 tarn
554 1343 671 1428 gravia
697 1365 762 1412 non
781 1345 939 1428 valentes,
957 1351 990 1410 et
1005 1345 1175 1430 cupientes
1191 1363 1249 1430 per
1266 1343 1454 1430 Apostoliee

330 1447 425 1518 Sedis
441 1449 680 1534 providentiam
691 1457 888 1538 oportunum
905 1471 1004 1538 super
1019 1452 1083 1518 hiis
1094 1451 1234 1520 Domino
1249 1452 1388 1520 favente
1403 1471 1452 1517 re·

330 1557 473 1626 medium
498 1557 670 1644 adbiberi,
697 1560 921 1628 venerabilem
947 1559 1084 1627 fratrem
1101 1566 1247 1628 nostrum
1263 1563 1299 1625 B.
1318 1559 1451 1646 Episco-

330 1687 406 1752 pum
419 1649 641 1753 Rugubinum,
658 1671 761 1734 virum
779 1669 889 1754 utique
904 1668 1080 1736 virtutibus
1097 1667 1288 1754 insignitum
1304 1687 1344 1733 ac
1361 1670 1453 1736 nobis

330 1782 363 1840 et
374 1776 530 1844 tratribus
540 1778 661 1845 nostris
673 1779 790 1844 merito
802 1800 860 1846 sue
872 1777 1043 1864 probitatis
1055 1783 1236 1864 acceptum,
1247 1778 1291 1844 ad
1306 1779 1454 1863 Regnum

330 1883 485 1973 Ungarie,
503 1887 676 1956 commisso
694 1888 756 1954 sibi
774 1889 870 1974 plone
885 1887 1061 1972 legationis
1083 1885 1191 1954 officio
1206 1886 1241 1953 in
1256 1884 1374 1953 eodem
1390 1889 1454 1952 Re·

329 2014 406 2080 gno,
423 2016 483 2063 nec
500 2015 565 2062 non
581 1995 754 2080 Dalmatio,
772 2015 836 2080 qne
854 1993 999 2079 Ungarie
1024 1993 1170 2076 Regibus
1187 1995 1271 2061 solet
1287 2015 1363 2063 esse
1379 1995 1452 2060 snb-

329 2101 426 2188 iecta,
445 2104 584 2188 austrie,
602 2105 734 2192 Styrie,
753 2102 932 2190 Oarintbie,
948 2103 1106 2173 (inmania
1122 2109 1155 2170 et
1170 2104 1279 2170 Bosne
1295 2103 1454 2190 partibus,

332 2215 486 2296 tanquam
512 2211 607 2297 pacis
634 2211 787 2298 angelum
811 2210 1033 2298 destinamus,
1063 2211 1126 2280 sibi
1151 2231 1208 2300 per
1224 2212 1309 2278 alias
1326 2211 1455 2279 litteras

330 2327 462 2388 nostras
478 2320 635 2408 iniuncto,
650 2327 685 2388 ut
701 2321 730 2388 si
745 2319 888 2407 Tartari,
905 2321 1091 2408 Serranam,
1104 2319 1265 2408 Naugerii
1281 2328 1315 2388 et
1331 2321 1455 2406 pagani

330 2427 468 2514 prefati,
497 2449 573 2496 suos
589 2438 725 2497 conatus
742 2432 919 2516 nepharius
934 2438 1050 2500 eontra
1065 2429 1142 2498 fidei
1157 2431 1340 2500 orthodoxe
1356 2431 1454 2498 culto

329 2557 383 2606 ιιι
400 2557 554 2607 exercere
564 2542 831 2627 presumpserint,
842 2563 884 2608 ne
902 2543 1043 2628 ipsorum
1061 2539 1237 2608 erudelitas
1250 2540 1287 2607 in
1303 2540 1452 2609 eiusdem

329 2645 405 2715 fidei
429 2648 640 2735 dispendium
665 2651 860 2736 invalescat,
887 2649 1048 2720 adversus
1074 2671 1131 2719 eos
1148 2657 1182 2718 et
1196 2651 1280 2717 alios
1298 2649 1456 2718 adheren-

330 2761 381 2822 tes
406 2757 553 2842 eisdem,
580 2761 635 2826 vel
661 2759 752 2845 ipsos
769 2761 801 2826 in
818 2758 881 2826 biis
899 2759 1142 2842 quomodolibet
1157 2757 1383 2844 confoventes,
1400 2780 1452 2826 en-

331 2864 522 2972 iuseumqne
538 2865 766 2952 preminentis,
785 2864 967 2953 dignitatis,
986 2873 1091 2936 status
1108 2879 1164 2935 aut
1180 2869 1379 2938 conditionis
1388 2867 1453 2936 exi·
1556 2939 1557 2942 ,

330 2979 463 3061 sterent,
475 2994 515 3041 ac
532 2976 631 3044 etiam
651 2983 766 3044 contra
783 2975 956 3057 hereticos,
967 2976 1022 3060 qui
1037 2976 1079 3044 de
1096 2977 1237 3048 dirersis
1253 2979 1365 3044 mundi
1382 2998 1454 3066 par·
1556 3003 1557 3072 p

332 3081 419 3150 tibus
436 3084 469 3150 in
485 3083 641 3154 nonnulis
657 3085 742 3153 locis
761 3103 820 3152 sue
836 3085 994 3168 legationi
1009 3086 1176 3171 subiectis,
1187 3088 1271 3154 sicut
1287 3087 1453 3170 asseritur,
1556 3087 1557 3092 ’

332 3200 576 3281 convenerunt,
592 3193 742 3262 omnibus
759 3192 881 3264 (lhristi
896 3191 1047 3263 fidelibus
1064 3213 1124 3279 per
1139 3196 1289 3279 Regnum
1306 3195 1454 3284 Ungarie

331 3299 555 3385 supradictum
571 3323 612 3372 ao
627 3303 713 3371 alias
728 3303 817 3370 dicte
832 3302 1009 3386 legationis
1023 3309 1135 3389 partes
1160 3323 1218 3391 per
1234 3325 1272 3373 se
1280 3355 1290 3390 ,
1317 3309 1372 3375 vel
1397 3327 1454 3392 per
1556 3305 1557 3400 l

330 3405 431 3474 alium
448 3427 506 3478 seu
522 3411 608 3478 alios
624 3410 759 3480 terbum
775 3410 879 3477 crucis
904 3411 1045 3480 sollicite
1061 3431 1244 3499 proponere
1262 3414 1404 3500 student,
1423 3423 1455 3481 et
1556 3415 1557 3442 l

329 3515 374 3582 ad
401 3537 474 3586 eam
499 3524 657 3609 promptis
673 3519 792 3590 animis
809 3519 1037 3588 assumendam
1053 3521 1275 3591 Christianum
1295 3527 1452 3613 populum
1556 3531 1557 3604 i

331 3629 506 3698 exhortari.
522 3635 691 3718 Rogamus
707 3632 820 3714 itaque
836 3631 1073 3700 celsitudinem
1089 3632 1224 3718 Regiam
1242 3641 1277 3702 et
1286 3635 1455 3703 hortamur
1556 3633 1557 3692 l

330 3737 363 3806 in
389 3739 457 3808 filio
483 3741 546 3808 Dei
573 3741 697 3827 patris,
718 3739 752 3808 iu
768 3739 1029 3809 remmissionem
1045 3739 1105 3806 tibi
1121 3747 1331 3826 peecatorum
1348 3743 1454 3810 ininn·

298 3891 299 3895 =
331 3857 457 3936 gentes,
475 3855 638 3934 quatenus
659 3849 811 3935 diligenti
835 3849 1050 3917 meditatione
1075 3849 1276 3937 recogitans,
1293 3853 1382 3936 qnod
1398 3871 1455 3938 per
1556 3865 1557 3916 t

330 3959 395 4028 boe
409 3965 522 4048 posset
537 3959 709 4028 Catholiee
725 3956 803 4026 idei
819 3977 885 4026 non
902 3959 1064 4028 modicum
1075 3957 1233 4045 deperire,
1247 3958 1454 4028 oontra'lar·

330 4075 440 4149 taros‚
467 4067 696 4155 Sarracenos,
721 4067 924 4152 Naugerius,
950 4074 984 4134 ιι
1008 4087 1160 4156 paganos
1176 4067 1308 4138 eosdem
1325 4069 1455 4156 pretato
1556 4071 1557 4084 ¹

331 4176 496 4266 Episcopo
507 4197 566 4263 pro
578 4177 700 4246 Divina
711 4184 745 4245 et
755 4175 947 4261 Apostolice
963 4177 1061 4246 Sedis
1071 4198 1111 4246 ac
1122 4185 1235 4246 nostra
1249 4179 1449 4263 reverentia,

334 4305 406 4354 cnm
421 4307 521 4374 super
537 4288 599 4356 hoc
615 4293 649 4354 et
664 4285 741 4354 aliis
757 4285 855 4353 etiam
871 4302 930 4353 ιιι
946 4285 1118 4370 legationis
1144 4287 1286 4372 negotiis
1303 4305 1346 4355 ex
1361 4295 1456 4376 parte

332 4397 436 4485 ipsius
452 4397 609 4484 Episcopi
636 4393 812 4481 contigerit
836 4399 869 4459 te
896 4395 1029 4482 requiri,
1047 4395 1205 4464 assistere
1221 4397 1360 4464 studeas
1376 4413 1454 4462 oon-
1556 4455 1557 4490 ,

333 4505 415 4572 siliis
432 4511 466 4571 et
482 4503 650 4573 favoribus
667 4503 846 4591 oportunis,
864 4509 900 4570 ιι
914 4501 1043 4571 illorum
1061 4503 1247 4592 dampnatis
1266 4513 1300 4572 et
1327 4523 1457 4592 repres-
1556 4493 1557 4514 ²

333 4612 380 4684 sis
395 4609 556 4682 erroribus
572 4617 606 4678 et
622 4611 735 4700 pravis
750 4611 920 4681 conatibus
935 4613 1063 4701 penitus
1080 4613 1239 4696 vacuatis,
1257 4611 1319 4684 tibi
1329 4609 1453 4684 exinde
