3156 5158
829 282 989 382 *1-4-

348 479 486 546 trocinia
503 487 535 548 et
550 479 725 567 sacrilegia
742 487 985 564 convertuntur,
1003 481 1083 547 etin
1103 479 1224 548 talibus
1241 479 1471 566 comprehensi

349 587 543 672 quandoque
568 589 740 657 traduntur
765 590 955 681 Episcopis,
982 608 1118 672 quorum
1142 587 1276 658 taudem
1302 609 1470 658 carcerem

348 697 537 780 evadentes,
554 703 803 784 perseverantes
819 707 930 767 tamen
946 700 979 765 in
1005 699 1138 766 malicia
1154 704 1322 783 consueta,
1340 699 1470 766 interim

348 800 543 888 deprehensi
569 805 740 894 suppliciis
767 807 984 893 deputantur,
1014 808 1165 876 manibus
1194 807 1410 874 indicantium
1437 813 1469 872 et

347 913 618 982 consentientium
634 915 824 1001 inquinatis,
849 915 932 984 adeo
951 924 987 984 ut
1010 915 1249 983 multitudinem
1276 914 1469 982 effrenatam

348 1027 482 1108 propter
496 1022 558 1088 boo
577 1022 709 1090 aecidat
732 1023 909 1108 aliquando
936 1023 1128 1092 denunciari
1154 1023 1468 1091 excommunicatio-

346 1131 399 1200 nis
414 1129 578 1198 vinculum
595 1131 770 1220 incidisse,
787 1141 922 1221 propter
938 1130 1034 1218 {quod
1048 1133 1134 1199 inter
1150 1133 1300 1199 Prelatos
1317 1139 1350 1199 et
1365 1132 1467 1198 laicos

343 1238 530 1322 frequenter
545 1239 738 1306 scandalum
764 1242 945 1309 suscitatur.
963 1242 1101 1308 Placeat
1117 1261 1195 1326 ergo
1212 1239 1391 1308 Sanctitati
1405 1240 1466 1306 Vc

346 1352 423 1430 stre,
440 1365 482 1414 ex
498 1363 561 1430 quo
578 1355 670 1414 tanta
687 1356 738 1416 est
754 1349 911 1418 distantia
929 1350 1165 1437 Episcoporum
1182 1350 1380 1434 inpartibus
1406 1367 1467 1414 no—

346 1457 434 1540 stris,
452 1455 596 1541 quod'de
612 1455 702 1523 sacili
719 1457 763 1523 ad
776 1458 1055 1542 degradacionem
1072 1461 1186 1524 talium
1210 1457 1386 1524 convenire
1402 1477 1467 1524 non

344 1564 482 1649 possint,
498 1565 530 1630 in
547 1564 668 1630 talibus
686 1565 825 1648 casibus,
843 1567 898 1632 ubi
912 1566 1149 1650 incorrigibiles
1168 1559 1376 1633 inveniuntur
1399 1567 1465 1632 cle·

346 1672 417 1758 rici,
430 1673 545 1758 primo,
563 1671 717 1759 secundo,
735 1681 768 1740 et
785 1675 881 1740 tertio
900 1674 933 1738 in
949 1673 1045 1742 factis
1058 1674 1247 1742 enormibus
1257 1673 1465 1760 deprehensi,
1563 1725 1564 1732 ι

345 1781 458 1858 valeat
481 1779 667 1866 Episcopus
694 1785 765 1849 sine
789 1785 1027 1852 convocatione
1044 1784 1282 1870 Episcoporum
1300 1801 1359 1850 eos
1376 1783 1465 1850 solus
1563 1775 1564 1778 '

346 1889 379 1955 in
395 1909 456 1956 sua
480 1890 656 1976 sollempni
682 1891 840 1976 Synodo,
866 1891 1071 1976 approbante
1090 1892 1165 1977 ipsa
1178 1891 1312 1976 *Synouo
1323 1942 1331 1975 ,
1349 1889 1465 1976 degra·

345 1997 425 2064 dare
435 2045 444 2080 ,
461 1999 513 2067 vel
531 1998 626 2064 aliter
641 2005 775 2084 propter
797 1998 1035 2066 multitudinem
1060 2001 1150 2086 ipsos
1175 1999 1315 2066 elericos
1332 2000 1464 2083 eapien-

344 2106 433 2192 tium,
450 2105 520 2172 sine
537 2105 675 2174 difficilli
691 2127 829 2176 accessu
846 2106 941 2176 Ourie
959 2109 1116 2192 Romane,
1134 2108 1217 2194 ipsis
1233 2107 1327 2174 laicis
1353 2113 1465 2174 vestra
1563 2149 1564 2202 ι

344 2211 477 2284 studeat
493 2214 673 2299 paternitas
689 2216 721 2281 iu
738 2215 956 2283 absolutionis
974 2214 1130 2282 beneficio
1148 2214 1328 2300 providere.

454 2321 537 2390 Sunt
566 2325 635 2391 alia
666 2343 753 2409 vero,
785 2325 818 2390 in
849 2325 965 2409 quibus
996 2325 1124 2394 Clarum
1151 2329 1185 2390 et
1222 2322 1391 2391 Ecclesias
1415 2341 1464 2390 se·
1563 2375 1564 2380 ,

344 2430 482 2518 celares,
499 2435 744 2519 conventuales,
760 2452 819 2500 seu
839 2433 1048 2518 parochiales
1058 2432 1142 2500 adeo
1154 2431 1313 2516 contingit
1328 2428 1461 2514 offendi,

342 2538 428 2624 quod
458 2540 578 2609 Sedem
619 2543 845 2627 Apostolicam
870 2543 913 2610 ab
940 2542 1124 2610 huiuamodi
1148 2541 1280 2608 filiabus
1305 2539 1371 2606 iarn
1399 2559 1463 2604 non

342 2654 493 2733 oporteat
509 2655 695 2736 expectare,
711 2651 799 2732 qnod
815 2657 976 2736 crescant,
994 2671 1065 2718 oum
1083 2665 1149 2716 ‘eas
1165 2649 1286 2716 cotidie
1302 2649 1336 2714 in
1362 2649 1461 2716 rebus

342 2763 376 2823 et
390 2758 513 2824 iuribus
529 2758 629 2825 minui
644 2767 677 2825 et
702 2759 891 2827 decrescere
909 2759 1092 2829 videamus.
1117 2759 1181 2826 llla
1197 2756 1282 2824 enim
1298 2757 1459 2839 ostensio,

343 2883 406 2948 que
421 2885 480 2951 per
495 2867 668 2936 Dominum
685 2868 718 2934 in
735 2868 915 2954 Evangelio
933 2877 965 2936 et
989 2889 1045 2953 per
1060 2871 1198 2954 Moysen
1213 2867 1246 2933 iu
1263 2863 1374 2932 Veteri
1399 2863 1462 2930 Te·

342 2979 504 3042 elemento
519 2976 723 3061 leprosorum
740 2975 965 3045 sacerdotibus
981 2971 1181 3062 debebatur]
1201 2993 1259 3060 per
1272 2993 1371 3058 quam
1387 2993 1461 3060 pec·

345 3084 488 3152 cantium
503 3083 668 3152 confessio
685 3083 889 3171 intelligitur,
906 3086 1070 3153 demedio
1088 3091 1138 3152 est
1157 3083 1295 3150 sublate.
1306 3083 1462 3150 Predica·

343 3193 443 3262 tionis
459 3191 605 3278 verbum,
621 3191 708 3276 quod
724 3193 821 3262 eisin
841 3193 1013 3264 commisso
1026 3192 1091 3262 sibi
1106 3191 1225 3278 populo
1243 3192 1462 3277 competebat,

340 3302 448 3370 audiri
473 3303 712 3388 contempnitur
727 3303 770 3370 ab
786 3301 920 3370 eisdem.
941 3302 1037 3387 Ipsus
1061 3300 1301 3368 Conventuales
1318 3305 1353 3366 et
1367 3319 1464 3384 paro·

340 3408 463 3477 obiales
488 3411 649 3478 eeclesias
679 3411 712 3476 in
737 3411 853 3478 diebus
871 3408 1043 3477 dominicis
1060 3415 1092 3477 et
1107 3408 1236 3475 festivis
1252 3427 1319 3474 non
1336 3410 1462 3474 contiu-

340 3517 389 3602 git
403 3539 425 3586 a
440 3519 562 3605 populo
579 3518 789 3605 frequentari,
806 3527 838 3587 et
852 3518 917 3586 boe
933 3519 1076 3586 maxime
1100 3517 1134 3583 in
1152 3515 1337 3584 civitatibus
1354 3521 1390 3582 et
1407 3537 1462 3602 op·

339 3625 438 3712 pidia,
455 3628 512 3700 ubi
528 3627 750 3713 predicatores
774 3633 807 3697 et
821 3627 964 3694 minores
981 3625 1147 3694 domicilia
1162 3645 1224 3694 sua
1239 3623 1362 3692 babent
1378 3647 1388 3688 ε
1407 3645 1462 3694 so·

340 3735 411 3802 lent
436 3735 520 3802 enim
545 3736 623 3804 dicti
649 3737 768 3804 fratres
792 3735 895 3822 primo
919 3735 1061 3801 diluculo
1088 3735 1196 3802 dicere
1222 3733 1341 3801 nrissae
1370 3753 1461 3818 suas,

338 3861 441 3928 usque
457 3845 502 3912 ad
517 3844 630 3914 boram
645 3844 776 3912 tertiam
800 3863 866 3914 non
881 3841 1061 3925 cessando,
1087 3849 1197 3928 preter
1221 3862 1320 3910 uuam
1336 3849 1461 3926 autem,

340 3969 437 4035 quam
454 3955 565 4022 dicunt
580 3953 789 4040 solempniter
802 3950 847 4040 lin
862 3952 1032 4020 Conventa
1041 4001 1051 4036 ,
1068 3950 1207 4036 legendo
1223 3951 1369 4020 breviter
1385 3971 1463 4018 cou-

339 4062 469 4128 tinuant
484 4063 596 4147 plures
611 4063 743 4148 missas,
754 4067 786 4127 et
797 4061 950 4144 quoniam
960 4059 1104 4146 gaudent
1119 4059 1280 4127 brevitate
1298 4059 1460 4144 moderni,

339 4171 479 4255 populus
496 4171 600 4258 querit
615 4171 731 4256 pocius
747 4171 864 4240 missas
881 4169 985 4254 alias,
1009 4169 1280 4237 conventualibus
1296 4174 1330 4234 et
1344 4189 1461 4254 paruo·
1563 4249 1564 4254 ἵ

339 4277 502 4350 ebialibus
526 4281 675 4350 ecelesiis
699 4279 928 4367 pretermissis.
951 4279 1202 4346 ¹consueverunt
1226 4277 1325 4346 ctiam
1359 4277 1461 4346 dictis
1528 4333 1531 4336 .
1563 4347 1564 4352 ,

339 4388 446 4458 missis
463 4389 582 4457 tratres
598 4388 745 4458 detinere
769 4389 922 4476 populum
939 4407 998 4472 per
1021 4405 1223 4468 sermonem,
1250 4403 1352 4469 qnare
1371 4386 1463 4458 aliae
1563 4437 1564 4440 ,

338 4499 496 4570 ecelesias
511 4519 578 4568 noa
601 4499 746 4584 visitant,
762 4505 797 4566 ut
812 4497 980 4566 deberent.
999 4496 1246 4566 (lonsveverunt
1262 4494 1362 4562 etiam
1378 4495 1464 4562 dare
1563 4535 1564 4538 =

337 4607 574 4692 indulgentiam
591 4607 748 4693 duorum,
763 4607 868 4692 trium,
896 4612 1044 4690 quatuor,
1061 4605 1175 4674 decem
1192 4611 1226 4672 et
1241 4603 1383 4690 plurium
1401 4624 1464 4670 an·
