3156 5158
595 282 753 391 A

114 487 212 567 petuo
228 499 270 548 ex
285 479 422 569 pacifice
447 479 638 571 possidere,
655 483 781 551 mixtim
798 487 881 551 inter
895 481 966 551 iura
981 482 1116 551 aliorum
1134 481 1236 551 homi·

113 610 188 658 num
205 589 248 658 de
262 587 365 676 Tord,
375 597 473 677 prout
481 591 714 659 monasterium
726 609 807 678 sepe
817 591 939 658 dictum
949 591 1149 676 dignoscitur
1158 597 1235 658 ante

114 701 324 784 possedisse;
340 720 400 785 pro
416 705 717 770 memoratoautem
734 700 826 770 senili
835 701 867 766 in
878 700 968 767 Tord
977 705 1054 767 ante
1065 698 1236 787 Graugian

114 809 250 892 predicti
267 809 459 878 monasterii
474 829 495 876 a
510 816 605 896 parte
620 810 785 895 aquilonis
806 808 968 878 existente
983 815 1017 877 et
1040 809 1083 878 ad
1107 810 1235 893 quanti·

113 924 217 985 tatem
234 925 373 1002 quatuor
398 917 547 1004 iugerum
572 917 756 987 sufficiente
771 917 935 1004 predictus
951 916 1104 986 dominus
1119 917 1236 985 abbas

115 1027 229 1094 Sancti
245 1026 377 1096 Martini
392 1025 538 1095 ieuetunr
554 1045 646 1094 suum
662 1027 696 1096 in
712 1029 786 1097 loco
801 1027 981 1096 Bochmala
997 1027 1165 1111 vulgariter
1180 1046 1235 1093 vo-

114 1142 190 1203 cato
205 1137 302 1202 situm
318 1132 468 1204 similiter
482 1142 623 1220 quatuos
647 1137 794 1222 iugerum
810 1136 1002 1220 quantitatis
1018 1153 1235 1223 prememora-

113 1245 156 1312 tis
171 1243 361 1313 vduomicis
377 1243 420 1311 de
434 1243 524 1312 Tord
539 1245 572 1311 in
588 1245 813 1313 concambium
828 1251 861 1312 et
878 1243 1164 1312 commutacionem
1180 1263 1235 1312 as·

114 1353 258 1438 signamt
281 1360 316 1420 et
340 1351 454 1420 statuit
478 1351 712 1439 possidendum
738 1351 993 1422 irrcuocabiliter
1010 1358 1043 1421 et
1059 1352 1178 1436 quiete.
1195 1352 1237 1416 Et

115 1463 162 1528 sic
177 1461 283 1529 omnis
298 1460 340 1530 iis
357 1467 391 1527 et
406 1461 598 1546 altercacio,
615 1479 678 1546 quc
693 1462 778 1530 inter
802 1463 895 1549 ipsas
912 1469 1023 1548 partes
1048 1460 1156 1528 fuerat
1178 1461 1235 1528 ha-

115 1577 231 1638 ctenus
246 1570 434 1656 ventillata,
451 1570 572 1638 sedata
587 1569 696 1638 extitit
713 1573 842 1658 penitus
859 1579 891 1639 et
907 1572 1028 1660 sopita,
1045 1569 1188 1640 cassatis
1205 1575 1238 1637 et

115 1677 261 1764 explosis
277 1679 397 1746 litteris
413 1685 446 1747 et
462 1697 562 1748 cause
577 1679 652 1746 aliis
668 1679 817 1748 omnibus
832 1679 1039 1749 munimentis
1056 1680 1237 1749 sentencie-

114 1788 234 1855 naliter
249 1785 435 1872 statuendo,
452 1787 539 1870 quod
555 1786 584 1855 si
600 1807 662 1872 quc
688 1807 730 1856 ox
746 1787 871 1857 eisdem
887 1788 1006 1857 litteris
1029 1788 1150 1855 fuerint
1176 1788 1237 1856 ali-

115 1895 256 1980 qualiter
280 1903 464 1976 reseruate,
490 1897 609 1965 robore
625 1905 760 1966 careant
781 1897 966 1983 firmitatis3
988 1905 1021 1966 et
1036 1898 1066 1965 si
1081 1917 1147 1981 qua
1161 1917 1236 1986 par-

114 2005 201 2072 cium
217 2011 403 2090 presentem
420 2005 697 2091 composicionem
722 2007 951 2088 retractauerit
960 2055 971 2090 ,
985 2007 1071 2092 parti
1087 2025 1160 2074 eam
1176 2007 1237 2074 ob-

115 2115 265 2182 seruanti
280 2114 396 2200 viginti
421 2132 553 2209 marcas
578 2115 710 2183 nomino
726 2133 811 2201 pene
827 2115 954 2183 soluere
970 2113 1091 2182 debeat
1107 2121 1184 2183 ante
1199 2115 1237 2180 li·

114 2228 192 2289 tem.
209 2223 248 2290 ln
264 2223 355 2291 cuius
370 2225 417 2292 rei
433 2223 655 2292 testimouium
672 2229 705 2292 et
720 2223 909 2292 memoriam
925 2230 1099 2310 presentes
1109 2225 1237 2292 litteras

114 2333 158 2400 ad
176 2331 373 2418 peticionem
391 2338 424 2398 et
434 2331 637 2403 ,instanciam
654 2331 942 2418 utriusquepartis
957 2333 1178 2401 concessimus
1194 2334 1236 2398 si-

112 2438 189 2522 gilli
205 2441 308 2510 nostri
324 2440 499 2508 munimine
515 2439 696 2508 roboratas.
723 2443 846 2508 Datum
871 2461 930 2528 per
955 2461 1071 2510 manus
1088 2441 1237 2528 magistri

113 2547 235 2616 Oosme
252 2549 399 2616 hectoris
414 2550 563 2618 Ecclesia
588 2557 710 2634 nostre,
727 2570 814 2618 anno
839 2552 1010 2619 Dominice
1033 2551 1239 2618 lucarnacio·

112 2658 167 2723 uis
182 2657 234 2722 Μυ
250 2656 320 2726 00⁰
335 2659 582 2746 septuagesimo
599 2659 710 2727 tercio.
724 2659 922 2745 resumendo
939 2659 972 2726 in
989 2658 1118 2728 Christo
1144 2667 1239 2744 patre

112 2763 249 2834 domino
267 2765 369 2834 Paulo
395 2766 559 2852 Episcopo
584 2775 695 2834 nostro
717 2767 792 2833 aule
808 2765 911 2851 Regis
927 2767 1155 2855 cancellatim
1173 2789 1240 2836 ma·

111 2875 220 2959 gistro
236 2874 339 2943 Paulo
364 2874 553 2961 Proposito,
579 2873 682 2942 Paulo
699 2873 861 2959 (lentore,
884 2875 996 2961 Rogas
1012 2874 1156 2946 Omtooe
1172 2877 1239 2944 cxi-

110 2982 289 3051 stantibus.

294 3177 441 3250 (Eredctic
454 3195 472 3234 a
484 3196 524 3236 sa.
538 3177 661 3238 marioni
680 3175 835 3252 fliapttsrlg
846 3178 1068 3250 levelttrtbau.)
