3142 5164
864 830 939 898 107.

331 1011 393 1084 1V.
410 1011 526 1080 Laeto
538 1008 646 1099 lrirdly
661 1011 843 1099 maycr-liciti
858 1033 939 1078 uzon
954 1011 1134 1100 αᾶοπιάπγι,
1151 1011 1263 1098 orslpst
1278 1006 1465 1098 lp'udofitld

333 1122 417 1187 nevil
425 1121 533 1186 Mrem
542 1118 652 1206 ek6royi
660 1116 792 1204 jutdrtlt
800 1117 935 1210 Hypatio
943 1117 1157 1208 yrdsfiuiaak
1167 1120 1265 1186 1273.
1280 1129 1345 1186 tcta.
1356 1117 1457 1184 1279.

440 1297 618 1368 Ladizlans
644 1298 708 1365 Dei
732 1299 848 1386 gracia
872 1299 1064 1386 Hungarie,
1091 1299 1282 1385 Dalmacie,
1310 1297 1464 1378 Groacic,

334 1405 459 1495 Rama,
476 1405 609 1485 Seruis,
628 1405 771 1475 Gallicis
781 1455 791 1492 ,
808 1407 1020 1488 Lodomeric,
1038 1406 1216 1490 Cumanis,
1241 1406 1463 1492 Bulgariequa

333 1519 406 1585 Rex
421 1515 572 1588 omnibus
590 1513 712 1582 Obristi
728 1511 882 1584 fidelibus
898 1520 1086 1600 presentem
1098 1518 1254 1603 paginam
1266 1513 1464 1602 inspecturis

333 1626 473 1694 salutem
500 1625 535 1691 in
559 1621 702 1693 Domino
728 1625 971 1710 sempiternam,
998 1626 1049 1694 Aul
1065 1625 1290 1695 rniuersorum
1307 1623 1464 1692 noticiam

332 1735 446 1802 harum
464 1733 551 1799 serie
568 1733 716 1799 volumus
732 1735 926 1820 peruenire,
943 1733 1032 1819 quod
1049 1755 1123 1802 cum
1139 1754 1228 1803 anno
1243 1735 1377 1801 Domini
1392 1732 1464 1800 mil·

332 1843 450 1910 lesimo
467 1841 688 1908 ducentesimo
705 1843 948 1927 septuagesimo
960 1861 1046 1909 nono
1057 1843 1153 1911 nobis
1169 1843 1202 1909 in
1214 1848 1302 1910 etate
1313 1841 1461 1926 legitima

336 1950 521 2017 constitutis
548 1950 637 2018 cirea
662 1951 780 2018 festum
807 1951 921 2018 Sancti
936 1952 1055 2019 Jacobi
1070 1951 1223 2038 Apostoli
1240 1972 1312 2018 cnm
1327 1953 1463 2018 uniuer-

334 2059 382 2126 sis
397 2057 540 2126 Prelatis
558 2057 790 2144 Ecclesiarum,
807 2059 1021 2142 Barronibus,
1038 2059 1216 2128 Nobilibus
1233 2059 1337 2148 Regni
1353 2059 1462 2128 nostri

336 2173 372 2232 et
396 2166 553 2235 comanis
580 2167 731 2236 omnibus
753 2168 1050 2254 congregacionem
1067 2169 1256 2252 generalem
1271 2167 1465 2236 fecissemus

337 2273 509 2359 celebrari,
527 2283 561 2342 et
576 2277 688 2346 omnia
704 2277 882 2364 priuilegia
899 2295 957 2344 seu
974 2277 1197 2345 instrumenta
1214 2296 1311 2364 super
1326 2296 1465 2360 posses·

336 2383 483 2452 sionibus
500 2385 750 2472 quibuscunque
766 2404 826 2472 per
840 2404 901 2456 nos
917 2385 949 2450 in
968 2391 1056 2454 etate
1071 2393 1187 2453 tenera
1203 2384 1390 2454 constitutis
1400 2385 1465 2448 ool·
1558 2463 1559 2470 ἵ

335 2492 413 2561 latis
428 2493 524 2560 nobis
542 2494 752 2562 iussissemus
769 2493 929 2579 exhiberi,
945 2493 1115 2580 Nicotaus,
1132 2491 1242 2580 ligra,
1270 2491 1465 2560 Valentinus
1558 2509 1559 2537 ¹

337 2599 492 2690 (lomites,
511 2611 544 2668 et
560 2604 719 2689 Magister
736 2604 896 2689 Ipolitns,
913 2601 974 2670 filii
991 2601 1130 2671 Comitis
1146 2601 1254 2690 ipoliti
1271 2601 1312 2669 dc
1327 2603 1396 2686 llic,
1413 2601 1466 2669 di-

339 2711 414 2778 lecti
431 2719 465 2778 ct
479 2711 594 2782 fideles
612 2713 718 2783 nostri
734 2713 779 2782 ad
794 2721 942 2782 nostram
959 2713 1159 2781 accedentes
1175 2713 1394 2800 presenciam,
1411 2732 1466 2779 en-

337 2819 514 2886 bibuerunt
537 2819 633 2888 nobis
659 2821 864 2908 privilegium
888 2829 1035 2890 nostrum
1060 2839 1160 2904 super
1178 2820 1361 2889 collacione
1377 2829 1466 2886 terre

337 2926 532 2995 Lindeloldc
559 2939 695 3014 vocate,
720 2951 778 3016 per
804 2950 863 3000 nos
888 2931 938 2998 cis
954 2929 1055 3016 lacta,
1071 2935 1225 3014 petentes
1242 2929 1376 2997 anobis
1393 2947 1467 2996 cnm

336 3035 512 3120 instancia,
539 3045 575 3102 ut
590 3056 652 3104 nos
668 3039 777 3124 ipsam
794 3039 1011 3106 collacionem
1027 3043 1135 3105 ratam
1152 3037 1277 3106 habere
1293 3043 1328 3104 et
1342 3035 1466 3103 dictum

338 3141 547 3230 priuilegium
563 3155 709 3213 nostrum
725 3147 891 3230 innovare,
909 3143 1075 3213 ratificare
1091 3155 1124 3211 et
1139 3153 1253 3214 nostro
1266 3143 1467 3213 secundario

338 3253 514 3339 priuilegio
541 3253 742 3322 liberalitate
769 3254 875 3338 Regia
899 3253 1112 3337 dignaremur
1137 3251 1343 3323 confirmare.
1366 3251 1467 3322 Cuius

340 3360 473 3446 quidem
491 3360 684 3430 temortatis
703 3369 778 3430 est:

445 3471 624 3538 Ladizlans
640 3472 681 3538 D.
698 3491 728 3557 g.
747 3469 859 3557 Hung.
885 3477 948 3537 etc.
973 3471 1045 3537 Rex
1070 3478 1132 3538 etc.
1151 3475 1233 3548 (mint
1250 3476 1360 3533 fencbb
1383 3477 1432 3532 19.
1449 3475 1467 3530 1.

341 3585 369 3642 7.
386 3604 426 3643 sn.
442 3583 481 3658 a.)

446 3689 517 3755 Nos
532 3687 664 3774 itaque,
690 3689 743 3756 cni
769 3708 811 3756 ex
835 3687 943 3757 officio
968 3687 1131 3774 susscepti
1154 3686 1323 3771 regiminis
1348 3685 1470 3754 incnm·

338 3795 387 3864 bit
409 3797 517 3864 metiri
542 3797 660 3866 merita
685 3797 908 3884 singulorum,
933 3798 1207 3879 attendentesqne
1231 3795 1379 3879 ipsorum
1403 3796 1470 3880 Ny-

340 3905 440 3992 colai,
463 3908 550 3990 ligra
566 3915 600 3975 ct
615 3907 783 3975 Valentini
798 3908 969 3988 Comitum,
987 3925 1027 3972 ac
1044 3904 1193 3989 magistri
1209 3901 1333 3988 Ipoliti,
1355 3902 1472 3970 dilecti

339 4011 559 4084 etfamiliaris
583 4013 693 4081 clerici
717 4016 821 4083 nostri
844 4023 942 4100 grata
966 4013 1126 4098 obsequia
1151 4019 1185 4080 et
1206 4013 1377 4078 meritoria
1401 4028 1471 4080 scr-

338 4121 446 4207 nioia,
481 4123 597 4205 quibus
632 4142 744 4190 coram
775 4129 888 4191 nostre
916 4123 1102 4190 Maiestatis
1135 4121 1241 4190 oculis
1272 4117 1471 4187 studuerunt

338 4228 562 4318 multipliciter
599 4233 826 4321 complacere,
869 4249 932 4315 que
967 4233 1176 4319 presentibus
1212 4231 1347 4312 longum
1383 4235 1473 4297 esset

339 4355 400 4422 par
424 4337 557 4423 singula
582 4357 758 4428 enarrare,
790 4341 931 4425 quedam
958 4347 1081 4407 tamem
1113 4340 1156 4407 de
1187 4341 1336 4427 ipsorum
1361 4338 1473 4405 serni·

340 4446 403 4532 cijs
429 4445 618 4533 specialiter
640 4451 870 4537 exprimamus.
898 4450 979 4517 Oum
1005 4447 1108 4536 ijtlem
1124 4448 1303 4531 Nicotaus,
1329 4443 1426 4531 Ugra
1442 4453 1475 4514 et

340 4555 550 4628 Walentinus
566 4556 601 4626 in
616 4561 759 4629 exercitu
775 4563 899 4648 nostro,
915 4577 1015 4644 quem
1031 4563 1147 4627 contro
1155 4557 1282 4644 Regem
1297 4554 1475 4628 habuimus
