3156 5158
603 373 767 384 ...η--η--α

116 470 291 539 karissime
306 471 466 542 consortis
483 477 595 541 nostre
606 469 827 558 Ganoellario,
847 473 1242 561 (tomiteNeugradiensi,

118 581 218 648 Paulo
228 581 464 668 Vesprimiensi
474 582 549 648 aule
566 588 677 650 nostre
688 578 907 666 (ianeeliario,
925 581 1110 668 Tymotheo
1120 583 1240 670 Zagra·

118 691 232 772 bienni,
259 688 453 758 Lodomerio
479 687 695 772 waradiensi,
723 687 885 776 Dyonisio
910 690 1077 758 Janriensi
1103 698 1136 758 et
1146 692 1242 758 Petro

116 797 355 866 Trenssiluano
366 795 723 885 Episoopislioolesias
734 795 798 864 Dei
809 796 947 864 feliciter
962 797 1242 883 gubernantibus;

116 905 266 975 Roiendo
291 905 445 974 Palatino
471 903 589 972 Judioe
615 904 843 984 Cumanorum,
869 905 1012 972 Henrioo
1029 907 1122 973 Bano
1139 907 1242 975 tonius

117 1015 300 1095 Solanonie,
310 1012 459 1100 Nyooiso
469 1011 601 1099 Wopda
610 1012 826 1080 Transilusno
839 1012 964 1080 Gemite
976 1013 1019 1080 de
1030 1014 1155 1098 Zonuk,
1166 1016 1242 1084 Joe-

117 1123 223 1190 ohimo
238 1123 397 1206 Magistro
413 1120 696 1189 Thanarnieorum
713 1127 896 1189 nostrorum
913 1121 1038 1190 Gemite
1048 1121 1244 1191 Posoniensi

118 1231 300 1314 etdePilis,
312 1229 430 1315 Egidio
441 1229 531 1296 Bane
543 1229 723 1314 deMaobo,
735 1230 881 1298 Renoldo
893 1231 1052 1316 Magistro
1063 1230 1242 1318 Dspiiero·

116 1359 185 1406 rum
203 1340 334 1408 Gemite
351 1339 631 1422 Zulgageuriensi,
648 1337 787 1424 Wgrino
798 1339 956 1424 Magistro
972 1339 1163 1422 Aganonum
1181 1339 1241 1407 Co-

118 1452 194 1515 mite
209 1448 398 1534 syrmiensi,
416 1445 609 1514 mononem
634 1446 792 1531 Magistro
808 1447 1041 1515 Pineernarum
1057 1454 1240 1516 nostrorum

119 1556 244 1622 Gemite
259 1557 300 1623 ‹le
316 1557 412 1642 Kevy
426 1562 458 1622 et
474 1553 514 1620 de
531 1552 644 1636 Grasr,
662 1554 763 1620 Paulo
774 1557 864 1620 Bane
882 1554 923 1620 de
936 1552 1133 1641 Seoueryno,
1146 1556 1240 1641 Mops

119 1665 243 1732 Gemite
260 1663 468 1750 symigiensi,
486 1663 616 1730 Dedalo
633 1663 759 1731 Gemite
775 1661 973 1746 Zaiadiensi,
996 1662 1154 1748 Gregorio
1181 1663 1242 1732 Go-

119 1775 194 1838 mite
220 1773 329 1840 basori
355 1772 479 1858 Ferrei,
505 1771 656 1840 Johanne
681 1773 808 1841 Gemite
824 1769 1046 1858 Supruniensi,
1063 1771 1239 1858 biyohaele

118 1881 243 1950 Gemite
259 1881 431 1966 Nitriensi,
447 1886 479 1945 et
496 1879 571 1947 aliis
587 1899 684 1964 quam
700 1881 847 1968 pluribus
864 1881 1046 1950 Comitatus
1062 1880 1168 1965 Regni
1185 1899 1241 1950 no-

118 1992 176 2058 stri
191 1991 382 2058 tenentibus
397 1996 432 2057 et
449 1988 600 2058 honores.

287 2185 435 2258 (Eredetie
448 2201 466 2242 a
480 2203 521 2242 sa.
534 2183 659 2243 mirtoni
672 2181 830 2258 ibnpitstg
842 2181 1069 2255 levelttrtbou.)

117 3211 138 3275 1
142 3211 176 3275 V.
195 3209 314 3276 Ldszlo
327 3207 433 3296 kiroty
454 3209 547 3275 Potor
563 3213 593 3276 oe
609 3211 701 3277 Mate
724 3209 934 3276 sessvbsknsk
959 3233 979 3274 a
1004 3207 1094 3275 obet
1114 3221 1238 3275 namnet·

288 3316 390 3405 sepbb'l
404 3319 539 3405 Sepnobe
555 3320 692 3386 birtolnot
708 3319 953 3405 admnoupozza.
976 3317 1073 3382 1273.

227 3517 406 3584 ladislaus
438 3517 501 3587 Dei
526 3513 639 3606 greoia
671 3517 836 3604 Ungsrie,
874 3513 1062 3594 Dalmaoie,
1095 3511 1243 3592 Cressis,

117 3629 238 3705 Bane,
254 3625 390 3710 Servie,
406 3624 564 3713 Gallioie,
582 3627 798 3710 Lodomerie,
819 3622 999 3701 Cumanie,
1025 3618 1243 3706 Bulgarieque

118 3737 187 3802 Rex
216 3735 367 3804 omnibus
391 3753 527 3820 presens
553 3735 710 3822 seriptum
738 3732 934 3820 inspecturis
951 3735 1017 3799 tam
1034 3727 1243 3816 presentibus

118 3863 217 3926 quam
235 3842 353 3912 futuris
379 3845 519 3912 salutem
531 3845 563 3910 in
581 3845 699 3912 salutis
716 3841 882 3926 largitore.
908 3838 1012 3924 Regis
1028 3835 1243 3922 benignitatis

116 3951 304 4020 sublimitas
334 3960 423 4021 rento
453 3972 598 4039 pensans
625 3949 797 4021 libramine
821 3947 937 4015 merite
967 3944 1180 4030 singulorum,
1210 3953 1244 4014 et

116 4062 272 4144 iliorum,
307 4079 388 4144 qnos
415 4062 509 4129 sionti
540 4061 692 4146 generosi
724 4056 897 4143 sanguinis
929 4053 1000 4122 alta
1030 4051 1187 4120 nobilitas
1212 4063 1245 4119 et

118 4189 248 4238 morum
273 4172 389 4238 innata
414 4172 582 4258 probitas,
615 4169 663 4237 sio
695 4175 727 4238 et
757 4167 941 4255 approbate
972 4163 1140 4232 fidelitatis
1172 4181 1245 4229 oon-

115 4281 252 4348 staneia
277 4300 318 4349 so
336 4287 537 4349 strenuorum
562 4285 690 4349 anteum
722 4275 930 4365 experienoia
961 4269 1108 4341 efficiunt
1138 4271 1243 4358 digni-

115 4407 203 4474 ores,
221 4387 299 4456 dum
317 4407 375 4456 eos
391 4387 490 4474 digne
500 4389 727 4457 retribucionis
737 4383 895 4454 beneficio
911 4381 1087 4462 reioeiilat,
1104 4380 1180 4447 dum
1196 4379 1245 4447 eis

117 4499 273 4585 largitur,
290 4499 379 4585 quod
390 4507 552 4568 merentur
561 4501 733 4567 multorum
749 4505 886 4582 mentes,
901 4495 945 4560 ad
955 4489 1245 4560 fidelitatisflorem

118 4609 267 4690 exeitat,
297 4612 330 4672 et
356 4607 397 4674 ad
424 4609 507 4678 bene
531 4608 679 4679 merendi
700 4603 809 4676 studio
833 4601 970 4672 fideliter
990 4597 1244 4682 obsequentibus
