3116 5166
889 305 932 372 92

341 506 447 579 Paulo
477 505 519 574 de
544 508 690 588 Burnus,
716 501 992 590 Arohidiooonis,
1010 508 1045 574 ot
1058 501 1134 572 eliis
1149 501 1272 572 multis.
1287 503 1380 572 Anno
1397 503 1473 570 Do·

342 615 421 686 mini
435 615 605 683 millesimo
622 599 846 684 ducentesimo
858 614 1106 704 septuagesimo
1122 613 1272 699 septimo.
1288 611 1473 699 Regnante

340 727 498 796 Ledislso
524 725 650 796 Illustri
665 727 755 814 Rege
780 726 947 812 Vngsrie,
972 721 1192 812 strigoniensi
1209 723 1296 791 Sede
1311 729 1469 807 recente,

340 835 508 922 Stephano
533 833 707 904 Colooeusi
734 832 1002 922 Arohiepisoopo,
1027 841 1123 923 petro
1146 830 1279 902 Andren
1297 831 1468 919 Episcopo

341 944 495 1032 Agrionsi
510 943 733 1013 existentibus.

370 1157 375 1169 ·
428 1139 576 1214 (Eredotie
590 1143 732 1216 ennepesi
744 1139 886 1216 kiptnlsn
899 1137 1110 1201 leriltiribnu.
1130 1141 1242 1197 emani
1255 1139 1380 1210 fluitis.)

882 1975 930 2041 50

301 2150 306 2160 ’
338 2167 445 2234 Adrion
463 2170 596 2238 Toroozi
611 2173 715 2238 Obook
722 2173 781 2258 fin,
799 2198 890 2264 mapa
907 2177 937 2240 is
952 2175 1141 2241 oorrokorroi
1149 2171 1279 2239 orroeon
1294 2193 1316 2235 a
1330 2171 1457 2235 kiriaco

341 2279 402 2344 oiri
426 2279 561 2366 Noprcid
587 2278 676 2364 (most
692 2282 791 2368 Horo)
817 2285 934 2371 meppsi
958 2284 1087 2349 Zuhara
1104 2281 1211 2368 fh'ldot
1227 2305 1265 2345 az
1281 2281 1458 2366 eozterpomi
1547 2319 1548 2386 i

522 2461 530 2478 ⁶
562 2388 1181 2479 supremoeltooeoatlja.1277.moj.
1205 2392 1237 2456 3.
1547 2387 1548 2392 ’

757 2625 1050 2694 ABG

442 2823 602 2906 Magister
628 2822 807 2890 Lsdizlous
834 2823 1030 2908 Propositus
1056 2829 1091 2892 et
1109 2823 1296 2908 Capitulum
1314 2819 1455 2890 Eeolesie

339 2931 575 3014 strigoniensis
601 2931 751 2999 omnibns
777 2931 900 3000 Christi
915 2929 1067 3001 fidelibus
1083 2937 1252 3019 presentes
1269 2931 1399 2999 litteras
1413 2930 1454 2994 iu·
1547 2943 1548 2946 ’

338 3037 501 3124 spootnris
526 3039 665 3107 salutem
691 3040 725 3106 in
740 3040 883 3107 omnium
905 3040 1084 3108 saluatore.
1101 3042 1153 3108 Ad
1168 3040 1392 3109 uniuersorum
1407 3056 1454 3102 oo

337 3147 449 3214 tioium
473 3153 586 3214 tenore
610 3148 819 3233 preseuoium
845 3149 995 3215 volumus
1021 3148 1214 3237 peruenire;
1241 3149 1330 3231 quod
1355 3146 1454 3214 Adam

337 3255 424 3324 filius
450 3253 563 3322 Obusk
587 3254 629 3322 de
644 3256 773 3324 Turuoh
800 3273 858 3342 pro
874 3276 910 3324 so
926 3263 960 3322 et
975 3277 1033 3342 pro
1050 3255 1146 3325 Obud
1161 3256 1262 3322 fratre
1277 3255 1383 3340 patris
1398 3251 1453 3334 sni,

337 3383 378 3431 oo
394 3384 452 3452 pro
468 3362 647 3450 Preyezlou
663 3363 730 3431 filio
747 3363 847 3432 Kube
862 3370 1004 3448 oognato
1021 3383 1091 3452 suo,
1108 3365 1192 3432 siout
1206 3365 1280 3450 ipso
1296 3361 1389 3446 dixit,
1406 3379 1453 3428 oo·

337 3491 407 3538 rom
432 3473 528 3539 nobis
554 3473 748 3540 constitutos
758 3525 768 3560 ,
797 3473 965 3542 confessus
993 3479 1062 3554 est,
1090 3473 1177 3558 quod
1191 3472 1266 3558 ipse
1283 3477 1316 3539 et
1332 3467 1453 3556 oopusti

337 3578 388 3648 sui
403 3580 563 3666 predicti,
589 3581 752 3664 quandem
777 3588 896 3649 terram
919 3601 1029 3650 eornm
1044 3600 1245 3650 communem
1260 3579 1391 3648 Zeburs
1404 3594 1453 3642 uo·

340 3693 447 3754 cetam
471 3688 505 3754 in
531 3688 698 3756 Oomitotu
723 3689 944 3770 Nogrndienni
967 3690 1085 3774 sitem,
1103 3695 1362 3758 oommstoneam
1376 3693 1454 3753 terre

337 3796 499 3864 Dominioi
514 3797 670 3882 Comitis,
689 3797 748 3884 filij
765 3799 895 3867 Niuolai
904 3849 914 3884 ‚
929 3797 1080 3866 similiter
1094 3800 1223 3866 Zohnrn
1238 3809 1367 3879 uoonte,
1383 3812 1452 3861 uen-

338 3903 481 3971 diderint
506 3907 610 3972 eidem
629 3905 802 3975 Domiuieo
819 3907 949 3992 (inmiti,
967 3914 999 3974 et
1016 3906 1120 3992 ipsius
1136 3905 1314 3974 heredibus
1330 3923 1387 3991 pro
1401 3899 1451 3966 de·

337 4034 408 4082 nem
436 4013 555 4082 merois
579 4016 727 4102 argenti,
753 4022 914 4104 perpetuo
939 4015 1198 4102 possidendam
1215 4025 1248 4083 et
1263 4015 1354 4100 quod
1367 4013 1451 4099 ipsos

337 4125 453 4192 (lenem
479 4141 609 4190 meroes
633 4125 676 4191 ab
701 4125 816 4192 eodem
841 4125 1013 4194 Domiuieo
1044 4125 1190 4208 Gomite,
1206 4124 1355 4212 plenario
1369 4137 1452 4188 oooe

335 4235 472 4322 pinsent.
489 4231 531 4298 Et
547 4231 634 4300 siout
648 4238 760 4320 portes
775 4233 934 4321 prediote,
950 4234 1112 4304 videlieet
1127 4233 1245 4302 Comes
1267 4229 1451 4301 Domiuious

336 4349 371 4409 et
382 4341 489 4409 Adam
505 4339 599 4408 nobis
615 4340 788 4428 dixerunt,
811 4361 922 4413 eureos
938 4349 1101 4414 metarum
1117 4343 1263 4412 eiusdem
1278 4349 1367 4410 terre
1380 4335 1452 4406 tolie
1547 4329 1548 4338 '

336 4454 395 4536 est,
412 4449 500 4532 qnod
515 4448 621 4536 primo
636 4457 724 4518 meto
738 4452 854 4540 insipit
869 4473 892 4520 o
907 4453 1137 4540 septemtrione
1153 4453 1242 4520 uiros
1256 4452 1383 4520 Zohore
1396 4464 1449 4534 po·

335 4559 436 4645 toka,
459 4565 493 4626 et
516 4558 625 4652 tondit
650 4567 764 4648 oontrs
791 4560 960 4632 meridiem
987 4582 1085 4651 super
1109 4560 1251 4648 quodum
1266 4558 1368 4644 uoco,
1391 4553 1448 4623 sub
1547 4545 1548 4620 i

337 4667 424 4758 ylioe
448 4673 524 4742 sunt
548 4672 655 4752 moto,
683 4673 717 4740 et
740 4675 830 4740 tonet
849 4674 954 4740 metus
970 4689 1042 4740 oum
1057 4669 1245 4756 Podlosou3
1262 4665 1341 4737 inde
1357 4679 1450 4754 super
