3156 5158
814 281 973 387 A

334 477 492 566 peletom,
509 483 748 566 possessiones,
765 482 865 549 villae
881 487 914 548 et
933 498 1046 548 omnes
1062 478 1256 547 utilitatetos
1273 499 1369 562 quam
1386 480 1455 565 plu·

334 589 381 655 rie
406 586 445 673 (l)
462 589 646 657 nominatae
663 589 771 657 eidem
787 590 948 675 Niooleo,
966 593 1065 678 prout
1090 587 1171 654 ioris
1186 588 1266 654 ordo
1282 589 1455 674 deponooe·
1569 649 1570 656 ,

335 697 403 780 bat,
420 696 612 780 reliquimus
627 709 786 784 perpetuo
801 697 938 784 pueifioe
954 706 987 762 et
1006 693 1267 762 irreuooebililer
1281 695 1454 781 possiden·
1569 755 1570 786 ἒ

334 801 410 869 darn
426 809 525 888 atque
541 804 780 892 possidendas3
797 805 943 891 predicto
960 803 1143 888 Dominieo,
1169 810 1202 870 et
1218 811 1456 889 consequenter
1569 799 1570 810 ³

335 912 403 978 suie
427 911 604 983 heredibus
630 911 848 998 heredumque
873 911 1120 982 suecessoribus
1146 931 1244 1001 nuper
1268 911 1456 980 huiusmodi
1569 937 1570 946 ¹

334 1023 550 1106 requisitione
580 1023 749 1091 eileneinm
781 1031 967 1110 perpetuum
994 1024 1211 1108 imponentes.
1237 1024 1275 1090 In
1301 1021 1390 1090 ouius
1407 1021 1455 1086 rei
1569 1011 1570 1044 r

334 1131 522 1200 memoriam
539 1139 572 1197 et
587 1138 778 1220 perpetuam
789 1133 1005 1200 stabilitatem
1022 1139 1195 1216 presentes
1213 1131 1300 1198 dieto
1315 1131 1457 1198 Nicoluo
1569 1137 1570 1208 l

335 1239 557 1310 concessimus
573 1241 701 1308 litterae
718 1240 818 1326 sigilli
840 1241 944 1308 nostri
968 1238 1143 1306 munimine
1159 1241 1342 1307 roboratae.
1360 1239 1456 1306 Anno
1569 1215 1570 1238 ¹

335 1351 378 1416 ab
403 1349 633 1416 Iuearnooiore
657 1350 788 1416 Domini
813 1349 874 1414 M0-
907 1349 990 1417 00⁰-
1022 1348 1267 1434 septuagesimo
1298 1345 1457 1432 seeundo,
1569 1399 1570 1430 p

337 1457 578 1543 quintodecimo
595 1455 768 1526 Kalendas
784 1457 948 1542 Jonuurij.

333 1670 389 1744 (An
412 1671 520 1728 eredeti
543 1669 628 1742 utin,
653 1667 850 1743 borhlrtyln,
872 1669 992 1743 melyrlll
1006 1687 1040 1726 en
1054 1668 1221 1742 orezigbiro
1234 1667 1351 1742 peoeete
1363 1667 1458 1742 sugg.)
1569 1705 1570 1708 =

339 2762 449 2828 Bruoo
464 2764 595 2830 olmllm'
607 2761 730 2851 pllopiile
747 2763 814 2826 tohu
841 2760 1050 2846 mazoeum
1076 2761 1147 2826 ezelo
1171 2762 1243 2825 kllzt
1268 2761 1464 2848 Mopporor-

381 2873 455 2959 κάρ
470 2870 662 2956 ollapotctrol
669 2869 817 2957 jelenlest
833 2881 894 2934 teoz
919 2870 959 2934 X.
986 2868 1122 2956 Gerpelp
1132 2869 1297 2957 populonio.
1318 2869 1417 2934 1272.
1452 2909 1456 2914 ·

443 3085 661 3156 Sanetieoimo
677 3085 775 3172 patri,
792 3085 924 3153 domino
942 3081 1129 3172 G(regorio)
1157 3084 1379 3154 Saoroeanote
1396 3085 1466 3156 Ro·

338 3213 435 3262 mone
450 3196 548 3264 Sedis
564 3197 698 3262 Summo
715 3194 875 3262 Pontifiee
885 3243 895 3280 ,
911 3195 948 3260 B.
966 3195 1027 3261 Dei
1044 3194 1153 3277 gretie
1177 3193 1360 3281 Episcopus
1385 3193 1470 3262 Olu-

338 3305 502 3387 mleeneie,
519 3303 663 3370 debitam
679 3305 898 3372 reverentiam
915 3303 1100 3387 devoteque
1115 3303 1236 3389 pedum
1255 3305 1370 3372 osenla
1384 3305 1469 3372 bea·

337 3421 452 3482 torum.
468 3412 660 3482 sanctitatis
676 3419 785 3480 ventre
812 3413 940 3479 litterae
966 3419 999 3481 et
1025 3413 1239 3498 mandatum,
1255 3413 1344 3498 quod
1360 3415 1470 3482 nonti-

337 3523 470 3609 nebent,
487 3527 681 3607 reverenter,
698 3528 735 3589 nt
751 3520 871 3605 denuit,
887 3523 1110 3609 euseepimuo;
1126 3529 1160 3590 et
1176 3524 1305 3606 devote,
1322 3525 1473 3594 eloinon

337 3637 465 3717 exenta,
484 3651 527 3698 ee
541 3637 663 3709 minen,
681 3649 744 3714 quo
761 3631 926 3716 potuimus
949 3632 1043 3698 iuxta
1059 3633 1278 3702 eonditionem
1294 3635 1475 3721 temporie,

335 3759 446 3809 eumue
464 3739 546 3807 illud
564 3740 739 3825 diligentie
755 3740 891 3808 exeouti.
909 3740 1004 3820 Quod
1028 3761 1106 3810 vero
1133 3744 1168 3810 in
1193 3742 1352 3810 missione
1377 3742 1474 3810 litte

336 3869 458 3935 rorum,
476 3867 558 3932 quoe
575 3849 668 3916 robis
683 3848 929 3933 reeoripeimus,
946 3849 1099 3916 tardasse
1114 3850 1260 3918 videmur
1269 3901 1279 3937 ,
1296 3851 1477 3940 supplica»

337 3977 409 4026 mus
425 3957 592 4026 humiliter
610 3964 644 4026 et
659 3956 791 4043 devote,
808 3957 959 4042 quatinus
977 3959 1171 4028 Sunotilatie
1187 3961 1305 4028 Vestro
1322 3961 1478 4029 elemen-

338 4067 386 4135 tio
402 4087 461 4136 nos
475 4068 510 4134 in
526 4069 587 4136 hoe
602 4074 779 4136 exoueetoe
796 4067 920 4136 habere
936 4068 1100 4154 dignetur.
1116 4069 1272 4155 Reeeptio
1299 4070 1385 4138 enim
1414 4071 1480 4138 lit·

337 4179 417 4244 terie
433 4178 561 4263 restris,
580 4175 624 4245 ed
642 4176 867 4263 exequendum
878 4177 923 4262 id,
936 4177 1024 4261 quod
1037 4177 1482 4264 continebant‚nullopriue

202 4338 204 4344 .
338 4292 473 4374 propter
487 4286 593 4353 diram
608 4303 725 4372 guerre
743 4289 993 4354 eommotionem
1021 4289 1104 4356 inter
1118 4289 1379 4356 ·Serenieeimum
1407 4292 1485 4362 do.
1541 4346 1544 4350 .

336 4396 457 4463 minum
480 4401 629 4464 noetrnm
653 4396 777 4480 Regem
805 4395 999 4464 Boemorum
1025 4397 1212 4484 Illustrem,
1237 4404 1271 4465 et
1297 4396 1486 4468 dominum

339 4505 485 4592 lingerio
500 4503 597 4572 nobie
613 4503 732 4574 obtulit
747 4525 786 4573 ee
806 4505 960 4574 iaonltee.
978 4508 1016 4573 In
1034 4505 1097 4574 lriio
1113 4509 1234 4588 etiem,
1250 4525 1315 4591 que
1329 4507 1487 4580 saneti-

338 4616 400 4683 tuti
414 4615 533 4684 Vestro
549 4615 610 4685 sub
627 4635 687 4702 epe
704 4615 822 4690 fidueie
837 4616 1043 4702 eerlpeimue,
1061 4617 1199 4703 provido
1214 4623 1248 4684 et
1263 4617 1489 4706 circumspe-
