3142 5164
616 311 773 412 gro-

126 505 310 574 Benedicto
326 509 359 574 et
369 505 522 592 Georgia,
541 505 698 578 iratribus
712 510 792 590 suis,
810 511 982 580 statuisset
999 519 1033 580 et
1049 517 1254 604 assignasset

125 615 219 682 iuxta
235 614 332 683 edicti
344 614 446 684 rostri
464 614 655 682 mandatum
672 622 706 683 et
722 629 930 704 preceptum
948 619 1032 688 dixit
1048 624 1154 692 eciam
1166 626 1253 694 idem

125 722 223 789 bomo
247 730 356 790 vester
382 721 475 808 ipsas
501 723 730 806 possessiones
757 745 833 795 esse
850 735 883 795 et
899 727 1004 796 fuisse
1020 731 1162 799 bominis
1179 735 1252 803 sine

124 829 249 900 herede
265 829 467 901 decedentis.

234 941 304 1010 Nos
329 941 442 1024 itaque
467 938 686 1008 consideratis
702 941 915 1012 fidelitatibus
931 951 965 1012 et
981 947 1130 1019 seruiciis
1147 951 1252 1020 (lomi-

124 1054 170 1120 tia
186 1050 311 1136 Hndus,
322 1047 454 1134 Briccii,
464 1047 600 1132 Georgii
610 1055 643 1118 et
651 1049 825 1118 Benedicti
835 1053 1063 1142 predictorum,
1074 1075 1140 1141 que
1150 1058 1251 1127 iidem

123 1161 223 1228 nobis
248 1157 283 1227 in
315 1156 456 1226 diuersis
482 1155 755 1242 expeditionibus
781 1161 887 1246 Regni
903 1163 1008 1231 nostri
1025 1163 1252 1250 impenderunt

124 1265 270 1338 fideliter
286 1273 318 1336 et
334 1265 476 1351 deuote3
494 1273 526 1333 et
541 1268 732 1352 specialiter
747 1275 834 1355 tunc,
851 1269 983 1354 quaudo
1001 1273 1133 1340 eosdem
1150 1273 1185 1342 in
1202 1295 1252 1342 so·

122 1379 247 1444 cietate
271 1375 421 1462 magistri
447 1373 610 1462 Joachym
636 1375 768 1460 cognati
784 1395 895 1445 eorum
913 1385 1029 1448 contra
1046 1377 1250 1468 Stephanum

121 1495 157 1558 et
173 1484 377 1574 Ladyalaum
387 1483 471 1550 lilios
488 1483 656 1568 Stephani,
673 1483 822 1554 infideles
838 1493 979 1574 nostros,
996 1489 1051 1574 qni
1061 1491 1107 1558 ad
1124 1491 1251 1559 destru-

120 1597 243 1665 endum
253 1594 425 1662 uniuersos
435 1591 564 1660 nobiles
581 1599 614 1660 et
623 1593 762 1679 populos
779 1601 911 1662 nostros
926 1597 986 1664 sub
997 1598 1128 1667 Banatu
1144 1601 1251 1685 Regni

120 1705 229 1774 ucsbi
239 1701 434 1771 constitutos
445 1701 654 1786 quamplures
668 1701 847 1770 conductos
858 1701 1078 1775 Theotonicos
1088 1707 1129 1774 de
1140 1708 1255 1796 Styria

120 1833 239 1882 secum
256 1809 481 1892 adduxerant,
508 1828 579 1878 cum
605 1809 729 1878 eisdem
746 1810 940 1879 miseramus
956 1821 1179 1902 pugnaturos,
1196 1819 1252 1902 qui

120 1921 284 1990 videlicet
300 1919 417 1986 Comes
433 1917 550 1984 Hudns
566 1923 600 1982 et
626 1917 786 2004 Bryceius
803 1919 838 1985 in
855 1918 927 2005 ipso
944 1920 1050 2007 bello,
1067 1923 1123 1990 vbi
1140 1927 1251 1994 dictus

119 2029 281 2114 magister
297 2025 476 2095 Joaobinus
492 2025 654 2106 occubuit,
672 2045 730 2111 per
746 2026 924 2094 conductos
935 2027 1157 2102 'theotonicos
1172 2055 1249 2120 pre-

119 2138 233 2204 dictos
250 2135 381 2203 inerunt
398 2133 569 2219 captinati,
585 2130 692 2199 dictus
709 2131 826 2202 (lomes
847 2135 964 2204 Hudus
980 2139 1191 2208 amissionem
1207 2145 1250 2210 si-

118 2247 227 2316 nistre
253 2263 380 2328 manus,
405 2241 553 2328 prelatus
579 2261 658 2310 vero
683 2241 831 2311 Briccius
848 2245 913 2311 tria
929 2247 1069 2316 vulnera
1085 2249 1202 2318 letalia
1218 2258 1251 2318 et

118 2353 386 2422 emutilacioueur
411 2351 506 2434 digiti
532 2348 646 2418 dextre
659 2370 789 2418 manus
815 2352 847 2418 in
865 2354 1004 2420 seruicio
1020 2357 1117 2428 nobis
1134 2359 1248 2445 inpen-

117 2461 233 2530 dendo
258 2481 317 2548 per
341 2458 475 2528 eosdem
491 2456 711 2525 Tbeotonicos
728 2457 851 2527 ibidem
867 2463 1079 2547 perferentes.
1107 2467 1247 2550 Insuper

117 2572 230 2638 eciam
246 2573 278 2638 in
297 2569 443 2638 exercitu
459 2573 585 2652 nostro,
603 2588 699 2652 quem
716 2575 832 2636 contra
848 2570 1014 2638 inimicum
1031 2579 1176 2640 nostrum
1195 2594 1249 2642 ca-

117 2681 274 2766 pitalem,
290 2681 413 2765 Regem
430 2677 585 2744 videlicet
600 2676 795 2744 Boemorum
813 2677 1036 2767 habebamus,
1054 2681 1088 2749 in
1105 2702 1179 2769 quo,
1194 2703 1247 2749 eo·

116 2788 196 2856 dem
223 2791 315 2874 Rege
337 2787 533 2854 Boemorum
558 2786 774 2871 interempto,
801 2785 930 2853 felicem
959 2789 1100 2856 Domino
1117 2793 1250 2876 permit·

114 2904 209 2964 tente
226 2895 395 2964 victoriam
412 2913 522 2962 sumus
538 2897 727 2978 consecuti;
754 2897 974 2980 prenominati
991 2896 1107 2966 (lomes
1124 2899 1250 2985 Rudas,

115 3007 289 3091 Briseide,
316 3005 479 3090 Georgius
504 3012 536 3070 et
561 3001 762 3071 Benedictus
788 3023 898 3072 coram
925 3011 1037 3074 nostre
1062 3005 1249 3076 Maiestatis

115 3117 227 3183 oculis
252 3115 358 3182 multa
382 3112 553 3182 fidelitatis
579 3131 681 3198 opera
697 3112 917 3196 inpenderunt
933 3113 1249 3183 laudabiliterdimi·

115 3222 240 3291 cando.
267 3223 410 3309 Propter
425 3241 489 3304 que
506 3221 624 3306 omnia,
642 3219 720 3288 licet
736 3219 800 3306 ipsi
817 3222 935 3290 (lomes
951 3221 1075 3306 Hudus,
1093 3223 1248 3310 Briccius,

114 3331 287 3418 Georgius
297 3337 331 3399 et
341 3330 542 3398 Benedictus
558 3328 591 3396 iu
608 3331 788 3396 maioribus
803 3349 862 3418 per
878 3335 1022 3396 nostram
1039 3331 1247 3400 Maiestatem

112 3439 229 3508 forent
243 3439 485 3526 remunerandi,
511 3439 546 3505 in
564 3441 906 3525 recompensacionem
923 3438 1154 3510 nichilominus
1170 3441 1248 3509 bde-

112 3551 253 3618 litatum
278 3554 312 3614 et
335 3549 548 3618 seruiciorum
575 3545 767 3633 eorundem,
793 3547 945 3615 volentes
972 3547 1054 3632 ipsis
1075 3567 1249 3617 occurrere

109 3657 224 3744 Regio
242 3677 315 3725 cum
332 3657 454 3742 fauore,
471 3653 640 3743 predictas
662 3655 893 3741 possessiones
909 3655 1087 3738 Languens
1115 3657 1249 3742 cognati

110 3787 246 3854 eorum,
262 3767 419 3851 Abram,
437 3767 541 3834 Batur
557 3771 588 3832 et
605 3763 843 3852 Kysa-Baturd
853 3764 1041 3833 nominatas
1058 3783 1130 3832 curn
1146 3767 1248 3832 omni-

108 3881 180 3947 bus
197 3875 399 3946 utilitatibus
414 3876 483 3944 suis
500 3875 565 3942 sub
581 3875 728 3961 antiquis
744 3874 842 3946 metis
858 3879 893 3942 et
908 3872 1076 3960 terminis,
1093 3876 1248 3959 quemad-

109 3985 256 4054 modum
271 3985 407 4054 easdem
424 3983 530 4053 dictus
556 3985 734 4070 Languens
751 3983 786 4050 in
802 3988 904 4052 antea
918 3979 1123 4068 possidebat,
1140 3983 1250 4070 prela-

109 4095 157 4163 tis
176 4094 300 4164 Oomiti
317 4095 433 4162 Hudus
443 4144 453 4180 ,
469 4093 617 4176 Briccio,
635 4089 781 4180 Georgia
798 4097 832 4160 et
848 4089 1040 4177 Benedicta,
1057 4091 1175 4176 quibus
1192 4113 1248 4160 ra-

106 4207 214 4275 cione
240 4202 454 4291 cognacionis
478 4207 511 4270 et
527 4199 716 4288 vicinitatis,
733 4201 913 4270 secundum
928 4199 1037 4286 Regni
1052 4200 1157 4269 nothi
1173 4221 1250 4268 cou-

105 4311 331 4384 suetudinem
356 4313 429 4398 ipse
454 4310 682 4398 possessiones
708 4309 835 4397 magis,
853 4327 950 4393 quam
975 4307 1075 4376 alicui
1091 4305 1273 4376 extraneo

106 4423 291 4494 debebant
318 4418 519 4506 condonari,
537 4425 571 4488 et
585 4440 645 4507 per
661 4437 718 4488 eos
735 4418 804 4487 suis
820 4415 1006 4501 heredibus,
1024 4417 1249 4500 heredumque

103 4551 254 4603 suorum
270 4529 519 4598 successoribus
536 4529 699 4616 dedimus,
715 4527 924 4611 donabimus,
943 4526 1139 4594 contulimus
1149 4529 1248 4607 atque

101 4637 318 4712 tradidimus
334 4645 494 4727 perpetuo
510 4645 543 4706 et
559 4635 824 4708 irre'uocabiliter
838 4633 1129 4810 possidendagssln
1146 4631 1243 4698 cuius
1264 4672 1268 4684 ,

1027 4743 1045 4808 1
