3154 5166
824 275 981 385 -.332

341 481 536 566 Episcopum
549 477 761 563 lingubinum
777 476 880 542 virum
898 475 1008 558 utique
1021 474 1194 540 virtutibus
1210 473 1404 560 insignitum
1424 493 1467 541 ao

340 587 435 657 nobis
452 595 485 654 et
501 585 657 654 fratribus
675 584 793 652 nostris
818 584 933 650 merito
959 603 1018 652 sue
1033 583 1208 668 probitatis
1224 590 1403 669 acceptum,
1424 581 1472 649 ad

339 701 489 784 Regnum
504 693 661 781 Ungarie,
678 692 853 760 commisso
869 691 935 759 sibi
945 693 1044 778 plene
1054 693 1231 776 legationis
1242 691 1351 760 olfioio
1366 695 1403 760 in
1417 713 1474 760 eo-

341 807 415 874 dem
426 809 549 892 Regno,
559 824 619 871 neo
635 821 698 869 non
715 801 892 888 Dalmatis,
904 819 967 886 que
977 801 1123 886 Ungarie
1133 803 1278 888 Regibus
1296 803 1378 872 solet
1387 823 1474 874 esse

342 917 501 998 subiecta,
518 912 661 995 Austrie,
679 909 807 999 Styrie,
822 910 999 996 Oarintbie,
1017 911 1174 980 comante
1191 918 1224 978 et
1239 913 1347 978 Bosne
1362 913 1475 998 parti-

342 1029 414 1110 bus,
433 1031 587 1108 tanquam
597 1020 692 1106 paois
703 1019 856 1106 angelum
865 1017 1077 1104 destinamus,
1089 1019 1151 1086 sibi
1162 1039 1220 1106 per
1236 1021 1320 1087 alias
1336 1020 1475 1088 litteras

344 1141 476 1203 nostras
492 1131 647 1214 iniuncto,
663 1135 698 1194 ut
713 1129 743 1194 si
758 1127 900 1214 Tartari,
916 1128 1103 1214 Sarraueni,
1116 1126 1278 1215 Neogerii
1292 1137 1326 1196 et
1339 1131 1476 1214 pagani

344 1241 482 1330 prelati,
512 1257 588 1306 suos
603 1247 740 1304 conatus
756 1239 932 1324 nepharios
947 1245 1063 1306 eontra
1078 1236 1155 1306 fidei
1170 1239 1348 1307 orthodoxe
1364 1239 1475 1306 enlto-

344 1373 398 1422 res
415 1370 568 1419 exercere
579 1350 845 1435 presumpserint,
856 1369 898 1415 ne
915 1351 1056 1434 ipsorum
1074 1347 1250 1416 erudelitas
1263 1347 1299 1414 in
1313 1348 1474 1416 eiusdem

344 1462 422 1529 fidei
445 1457 655 1546 dispendium
680 1459 873 1541 invalesoat,
900 1457 1061 1526 adversus
1086 1477 1143 1524 eos
1159 1464 1193 1524 et
1209 1457 1291 1524 alios
1308 1457 1476 1526 adheren-

345 1579 396 1636 tes
422 1568 568 1648 eisdem,
596 1568 650 1632 vel
676 1567 766 1652 ipsos
783 1567 815 1631 in
832 1565 896 1632 hiis
912 1565 1156 1648 quomodolibet
1171 1565 1393 1649 eonfoventes,
1412 1587 1474 1633 ea-

347 1680 537 1760 iuseumqne
552 1674 779 1758 preminentie,
798 1671 980 1757 dignitatis,
997 1679 1104 1740 status
1120 1685 1176 1740 aut
1192 1673 1387 1742 conditionis
1396 1675 1474 1742 exi-

347 1788 480 1866 sterent,
491 1803 531 1849 ao
548 1783 646 1849 stiam
665 1788 780 1849 eontra
797 1780 1035 1864 hereticosque
1051 1780 1093 1848 de
1110 1781 1251 1851 diversis
1266 1783 1375 1849 mundi
1392 1804 1476 1869 par·

347 1895 435 1962 tibus
452 1893 485 1956 in
501 1889 654 1958 nonnulis
671 1889 756 1957 loeis
774 1909 833 1956 sue
850 1889 1007 1974 legationi
1022 1889 1189 1972 subiectis,
1200 1891 1284 1957 sient
1299 1892 1475 1976 asseritur,

347 2005 591 2085 eonvenerunt,
607 1998 757 2066 omnibus
774 1997 896 2067 chrisa
911 1996 1061 2064 fidelibus
1079 2017 1139 2081 per
1154 1999 1303 2082 Regnum
1318 1997 1474 2084 Ungarie

348 2107 572 2193 supradictum
588 2127 629 2174 ao
644 2107 729 2174 alias
745 2106 834 2173 diote
849 2105 1026 2190 legationis
1040 2113 1152 2190 partes
1176 2126 1235 2193 per
1251 2128 1305 2190 se,
1330 2110 1385 2176 vel
1411 2128 1475 2192 per

348 2216 450 2282 alium
466 2232 524 2280 sen
540 2214 625 2281 alios
642 2213 776 2282 verbnm
793 2212 896 2279 erucis
921 2213 1062 2282 sollicite
1078 2233 1261 2301 proponere
1278 2215 1419 2299 studeat,
1440 2225 1475 2282 et

348 2323 393 2392 ad
420 2343 491 2391 eam
518 2327 674 2409 promptis
690 2322 809 2389 animis
826 2321 1054 2389 assumendam
1071 2323 1291 2392 Christianum
1310 2326 1473 2412 populum

348 2433 522 2502 exhortari.
547 2437 715 2519 Rogamus
732 2433 844 2515 itaque
862 2433 1068 2500 nobilitatem
1086 2440 1229 2504 vestram
1246 2441 1281 2502 et
1300 2433 1473 2502 hortamur

349 2544 381 2608 in
398 2543 466 2609 lilio
482 2542 546 2610 Dei
561 2542 675 2627 patris,
702 2541 737 2608 in
753 2541 1013 2609 remmissionem
1029 2537 1124 2610 vobis
1139 2547 1345 2627 peecatorum
1362 2541 1472 2608 iniun-

350 2657 475 2736 gentes,
493 2658 655 2733 quatenns
667 2649 818 2735 diligenti
829 2650 1042 2717 meditatione
1058 2648 1292 2736 reoogitantes,
1309 2652 1397 2734 quod
1412 2670 1474 2736 per

350 2760 412 2827 boo
427 2761 541 2846 posset
555 2757 726 2826 Catholioe
742 2757 821 2826 fidei
836 2778 902 2825 non
918 2759 1081 2828 modiorum
1091 2758 1249 2845 deperire,
1262 2765 1380 2828 eontra
1388 2757 1473 2828 'Par-

349 2875 459 2947 taros,
486 2865 714 2952 Samaoenos,
739 2866 941 2950 Neugerios,
966 2873 1001 2934 et
1025 2887 1177 2956 paganos
1193 2867 1324 2937 eosdem
1340 2867 1475 2954 prolato

350 2975 515 3062 Episcopo
525 2993 585 3058 pro
597 2973 718 3044 Divina
729 2983 762 3042 et
772 2975 964 3059 Apostolioe
979 2975 1078 3045 Sedis
1088 2997 1128 3044 ao
1142 2983 1256 3044 nostra
1271 2977 1472 3062 reverentia,

352 3103 423 3150 eum
440 3103 539 3168 super
555 3084 617 3150 hoe
633 3089 666 3150 et
682 3083 758 3150 aliis
774 3083 872 3152 etiam
888 3101 947 3152 sue
962 3083 1136 3169 legationis
1160 3083 1304 3170 negotiis
1320 3102 1364 3152 ex
1378 3091 1475 3172 parte

351 3193 454 3277 ipsius
464 3191 620 3278 Episoopi
631 3190 807 3278 eontigerit
823 3211 882 3260 vos
892 3192 1026 3280 requiri,
1044 3191 1202 3261 assistere
1217 3191 1382 3262 studeatis
1397 3211 1475 3260 oon·

351 3299 433 3366 siliis
449 3305 484 3366 et
499 3299 668 3370 favoribus
685 3300 864 3387 oportunis,
882 3297 1061 3368 utiliorum
1077 3299 1265 3389 dampnatis
1282 3309 1316 3368 et
1344 3320 1473 3389 repres-

353 3409 399 3475 sis
415 3407 576 3474 erroribus
587 3414 621 3475 et
630 3409 743 3494 prauis
753 3409 923 3479 conatibus
933 3410 1062 3494 penitus
1073 3409 1233 3491 raouatis,
1245 3409 1341 3478 vobis
1351 3408 1474 3478 exinde

352 3537 392 3582 ex
408 3515 478 3584 alto
493 3515 664 3604 proueniat
679 3515 848 3603 premium,
866 3517 955 3600 quod
970 3537 1028 3605 pro
1046 3517 1110 3605 piis
1126 3517 1257 3586 aetibus
1274 3537 1471 3603 oompensa-

353 3633 423 3708 tor,
440 3644 565 3710 nosque
589 3625 798 3694 devotionem
813 3634 959 3695 vestram
984 3626 1140 3694 uberibus
1156 3627 1189 3692 in
1206 3625 1347 3693 Domino
1363 3626 1470 3694 laudi·

351 3737 413 3802 bns
440 3735 641 3802 attollamus.
667 3735 787 3801 Datum
814 3733 902 3822 apud
927 3733 1053 3802 Urbem
1068 3733 1219 3803 Veterem
1246 3735 1289 3802 X.
1307 3734 1471 3804 kalendas

352 3844 500 3930 Augusti,
516 3841 729 3912 Postilioatus
746 3844 851 3912 nostri
868 3863 956 3912 anno
972 3843 1081 3912 tertio.

433 4039 493 4114 (IV.
507 4037 612 4098 Mikros
625 4036 703 4112 pdpa
716 4037 911 4114 Regestdibdl,
926 4037 1057 4096 Theiner
1070 4037 1109 4095 id.
1123 4057 1159 4098 m.
1174 4037 1197 4097 1.
1210 4037 1272 4095 ket.
1285 4037 1348 4100 365.
1362 4039 1394 4116 l.)
