3156 5158
148 1117 189 1188 X.
206 1119 341 1206 Gcrpcly
351 1122 443 1208 pcipe
459 1121 478 1185 1
484 1121 518 1186 V.
535 1120 652 1186 dezld
668 1142 798 1208 mappae
823 1120 988 1207 kirdlpltea
1017 1118 1273 1188 cralkoddedaak

439 1229 585 1296 kcadete'o
603 1231 729 1297 iotdaett
743 1231 864 1296 interci.
885 1229 983 1297 1272.

256 1445 434 1528 Gregorius
449 1447 637 1532 Episcopus
653 1465 769 1514 servus
786 1465 954 1514 serrorum
969 1447 1031 1514 Dei
1057 1446 1228 1514 carissimo
1239 1445 1273 1512 in

148 1552 279 1622 Christo
295 1553 361 1621 filio
378 1562 487 1622 nostro
506 1606 513 1621 .
534 1605 541 1620 .
561 1604 568 1620 .
585 1555 668 1642 Regi
685 1557 831 1642 Ungarie
847 1555 971 1622 illustri
987 1554 1172 1622 salutemet
1188 1555 1273 1640 Apo-

146 1661 301 1728 stolicam
317 1661 587 1730 benedictionem.
606 1665 730 1748 Habes,
748 1663 794 1731 lili
806 1664 984 1746 carissime,
1001 1661 1270 1730 undehumiliatc

146 1773 239 1858 apud
255 1771 430 1840 Dominum
446 1774 565 1858 spiritu
582 1781 614 1840 et
632 1773 731 1842 corde
747 1774 885 1842 contrito
902 1773 935 1840 io
953 1791 1066 1842 vocem
1094 1770 1272 1839 exultatio-

145 1880 198 1945 nis
214 1887 247 1946 et
264 1879 484 1948 confessionis
502 1901 676 1967 erumpas,
692 1890 728 1950 ut
745 1882 872 1949 exultes
889 1882 923 1948 in
939 1881 1034 1968 ipsc,
1051 1887 1083 1948 et
1099 1880 1169 1947 eius
1181 1880 1274 1946 circa

143 1995 179 2055 te
194 1988 358 2056 immensa
374 1989 533 2057 beneficia
550 1989 690 2058 fatearis
707 2013 715 2055 :
734 1989 805 2075 ipsc
822 2009 962 2072 namque
978 1989 1038 2054 tibi
1050 1986 1184 2054 donarit
1200 1973 1288 2054 tan-¹

141 2098 186 2164 tis
202 2096 280 2164 oriri
296 2097 474 2179 natalibus,
493 2099 665 2168 immensis
683 2098 876 2166 habundare
894 2098 1030 2178 divitiis,
1055 2103 1088 2164 et
1112 2097 1272 2181 primoge-

140 2203 243 2270 nitum
261 2206 444 2274 concedere
466 2207 575 2292 Regio
601 2205 840 2292 predestinavit
866 2205 1075 2274 Excellencie
1101 2223 1272 2274 successo-

138 2335 221 2382 rem.
247 2313 326 2398 Ipse
342 2315 430 2382 clare
446 2318 612 2384 memorie
628 2323 723 2402 patre
749 2321 804 2383 tuo
822 2313 862 2382 de
877 2315 941 2382 hac
958 2315 1031 2380 luce
1047 2313 1222 2398 subtracto,
1239 2319 1272 2378 te

140 2425 178 2490 in
195 2425 291 2492 annis
308 2425 512 2494 iuvenilibus
532 2427 746 2495 constitutum
762 2423 805 2492 ad
829 2424 959 2510 paterni
975 2423 1050 2492 solii
1066 2426 1192 2490 culmen
1217 2443 1271 2491 se-

140 2531 286 2600 cundum
312 2534 583 2619 omnipotentiam
606 2554 664 2602 suc
689 2531 820 2602 virtutis
846 2533 958 2600 erexit.
983 2531 1071 2610 Quid
1095 2531 1195 2615 igitur
1221 2551 1270 2598 re·

138 2639 267 2707 tribues
276 2639 420 2711 Domino
439 2663 499 2728 pro
510 2643 621 2726 tantis,
639 2661 702 2726 que
717 2649 773 2708 tue
789 2641 903 2708 tribuit
918 2639 1108 2706 iuventuti?
1123 2640 1269 2725 profecte

135 2747 168 2813 si
186 2750 335 2832 paternis
351 2769 470 2816 aurem
488 2751 627 2818 inclines
644 2749 808 2828 affatibus,
824 2750 852 2816 si
869 2751 923 2836 pic
940 2749 1028 2836 patri
1045 2748 1153 2814 detua
1164 2749 1270 2816 salute

134 2855 281 2922 sollicito
298 2865 331 2923 et
347 2858 421 2926 eius
435 2860 644 2926 salutaribus
660 2859 792 2926 monitis
809 2859 1015 2943 acquiescas,
1026 2857 1174 2940 Regnum
1184 2863 1272 2922 tuum

134 2964 183 3030 ah
198 2963 294 3050 ipso,
308 2985 370 3052 per
387 2987 486 3052 quem
503 2967 598 3034 datur
613 2987 753 3052 regnare
780 2967 997 3053 Principibus,
1021 2985 1269 3050 recognoscens,

132 3073 184 3140 ad
200 3091 286 3158 eum,
303 3095 324 3140 a
340 3095 404 3158 quo
432 3077 518 3142 bona
537 3084 658 3144 cuncta
673 3077 864 3161 procedunt,
882 3077 991 3144 onrnia
1007 3075 1067 3142 tibi
1083 3075 1270 3142 oollatabe·

131 3181 258 3248 nelicia
272 3181 412 3250 reseres.
432 3183 484 3248 llli
501 3183 685 3253 iuventutis
701 3193 757 3252 tue
772 3185 934 3273 primitias
960 3183 1087 3266 offeres,
1103 3183 1149 3249 ad
1164 3183 1269 3267 ipsum

131 3287 360 3358 fortitudinem
387 3301 476 3359 tuam
494 3295 678 3381 custodies,
697 3301 730 3364 et
745 3293 879 3362 residua
895 3293 961 3359 vite
986 3298 1042 3358 tue
1065 3295 1212 3376 tempera
1236 3293 1270 3358 in

128 3397 384 3468 continuatione
411 3401 567 3470 salutaris
584 3405 754 3490 propositi,
771 3411 803 3470 ct
822 3403 950 3488 piorum
961 3399 1200 3487 prosecutione
1210 3421 1272 3486 ope

130 3527 209 3574 rum
225 3507 405 3578 devorabis
423 3509 566 3578 lacendo
583 3512 752 3596 Ecclesiis,
769 3513 915 3599 ipsarum
940 3511 1110 3578 libertates
1127 3516 1160 3576 et
1184 3509 1266 3588 iura,

129 3635 201 3684 nec
216 3637 283 3684 non
300 3624 333 3685 et
348 3618 517 3689 ministros
533 3621 604 3704 Dei,
616 3641 778 3708 personas
791 3618 1041 3689 ecclesiasticas
1053 3617 1268 3684 confovendo.

128 3725 210 3796 Hec
226 3728 315 3796 enim
331 3730 391 3797 tibi
406 3751 510 3798 annos
528 3732 596 3798 rite
606 3731 797 3816 producent,
807 3730 869 3798 bec
880 3731 1007 3797 dierum
1026 3724 1264 3809 longitudinem

126 3835 390 3922 ministrabunt,
416 3839 477 3905 hec
501 3836 676 3907 firmabunt
701 3841 816 3925 procul
841 3839 939 3906 dnbio
966 3839 1118 3904 threnum
1142 3841 1262 3901 tuum:

124 3943 202 4010 hiis
218 3945 332 4028 itaque
350 3945 393 4012 ab
409 3947 504 4014 annis
521 3949 642 4015 teneris
658 3955 747 4015 tuum
764 3950 927 4015 animuum
945 3945 1067 4028 imbue,¹
1082 3944 1147 4012 hiis
1164 3945 1264 4016 iniat·-

123 4071 200 4134 ma,
217 4053 342 4119 talibus
358 4073 526 4141 assuesce,
542 4063 577 4122 ut
593 4077 652 4143 per
668 4057 851 4125 consvetud
861 4058 948 4122 inem
978 4071 1085 4121 mores
1095 4052 1185 4138 fiant,
1210 4077 1273 4122 nec

121 4157 284 4245 perverti
299 4160 428 4246 possint
444 4163 582 4248 amplius
600 4183 762 4233 conversa
779 4163 1022 4248 quodammodo
1039 4163 1074 4230 in
1090 4171 1244 4229 naturam
1263 4185 1270 4226 ε

117 4267 174 4336 ad
194 4267 284 4352 quod
298 4265 517 4338 Serenitatem
532 4273 675 4357 Regiam
692 4291 859 4342 monemus
888 4280 921 4337 et
945 4271 1114 4337 hortamur
1138 4271 1173 4337 in
1199 4273 1269 4339 Do·

123 4376 240 4463 minc,
256 4395 341 4444 sano
357 4377 587 4448 nichilominus
604 4381 664 4448 tibi
680 4382 819 4449 oonsilio
837 4379 1029 4462 suadentes,
1057 4378 1144 4461 quod
1171 4380 1268 4446 etiam

121 4483 348 4554 consiliarius
364 4489 396 4552 et
411 4485 496 4556 alios
513 4479 693 4558 familiares
710 4491 772 4558 tibi
786 4505 956 4556 assumere
971 4483 1126 4571 studeas,
1152 4487 1207 4569 qui
1235 4496 1267 4555 te

118 4597 160 4664 in
183 4593 328 4662 semitas
346 4593 570 4664 mandatorum
586 4599 716 4665 Domini
733 4598 888 4683 dirigant,
905 4616 970 4663 nen
1000 4595 1166 4680 peruersis
1187 4611 1266 4682 sug-

1005 4704 1044 4770 1*
