3154 5166
833 311 993 412 —sss-

349 505 557 594 modiposset
566 509 697 579 labilius
708 518 740 580 et
751 511 918 580 ellioaoins
928 510 1105 599 provideri;
1116 513 1235 598 pieque
1246 513 1472 580 memoriello·

350 616 461 684 norius
473 619 566 702 Papa
577 627 711 703 quartus
723 623 939 706 predecessor
955 627 1077 704 noster,
1095 639 1167 686 oum
1182 623 1226 688 ad
1243 623 1314 689 eius
1330 623 1474 690 notitiam

349 726 564 810 pervenisset,
575 731 664 813 quod
674 735 708 794 tu
718 734 850 798 vesanis
861 730 1024 799 adherens
1041 731 1186 798 oonsiliis
1203 731 1393 798 Christiana
1405 733 1474 797 reli-

349 837 445 918 gione
457 838 650 922 postposita,
661 845 781 924 tueque
793 841 910 908 salutis
921 838 1359 925 considerationenegleeta,
1370 841 1404 906 in
1423 840 1475 905 Di·

350 943 426 1011 vine
442 943 630 1014 Maiestatis
642 953 863 1034 oontemptum
882 967 953 1016 eum
964 947 1125 1034 Tartaris,
1136 948 1334 1032 Samounis,
1346 945 1474 1032 Nauge-

350 1051 407 1118 riis
418 1059 452 1120 et
463 1054 603 1136 paganis
618 1057 879 1124 conversationis
890 1057 1069 1142 dampnate
1079 1058 1274 1126 nommercio
1285 1057 1473 1124 oonl'edern-
1563 1133 1564 1136 Ἴ

350 1160 470 1228 tionem
487 1160 628 1232 duxeras
644 1166 836 1252 ineundam,
853 1164 1016 1250 nephar-ia
1034 1165 1167 1231 vivendi
1193 1165 1386 1252 specialiter
1403 1185 1474 1232 num

349 1267 430 1354 ipsis
440 1269 617 1356 Naugeriis
634 1293 748 1340 norma
765 1283 914 1360 sumpta;
932 1275 1083 1356 quodque
1099 1273 1274 1340 uerissima
1288 1275 1323 1340 in
1340 1272 1471 1340 Christo

349 1376 419 1445 filia
434 1384 549 1445 nostra
566 1380 603 1445 Ε.
620 1381 734 1450 inolita
752 1383 876 1466 Regina
893 1379 1164 1468 Ungarie,uxore
1180 1390 1248 1467 tna,
1265 1382 1471 1469 impudenter

349 1486 1476 1578 abieoto,tlnorumeiusfedarepresumpserasconiugalem,reddendo

350 1600 383 1659 te
408 1595 545 1683 proinde
562 1599 633 1668 Deo
661 1606 694 1666 et
711 1599 899 1669 bominibus
926 1599 1085 1683 odiosum,
1103 1605 1136 1665 te
1150 1597 1194 1668 ad
1211 1601 1277 1665 vite
1293 1599 1474 1666 laudabilis

350 1703 461 1774 studia
485 1712 518 1772 et
543 1705 683 1775 salubris
711 1709 969 1778 conversationis
996 1701 1147 1775 elieotum
1172 1727 1329 1775 rerooare
1345 1708 1474 1775 deside-

350 1831 437 1896 rans,
455 1813 517 1880 tibi
532 1821 692 1902 paternas
710 1825 741 1882 et
759 1817 932 1886 affectione
955 1819 1072 1905 plenas
1088 1835 1167 1885 suas
1183 1815 1311 1885 litteras
1330 1815 1476 1885 destina·
1563 1889 1564 1920 ,

350 1923 407 2007 rit,
432 1928 465 1988 te
488 1923 531 1988 nd
556 1926 618 1995 hoo
643 1948 703 2014 per
728 1949 765 1996 se
790 1949 829 1996 ao
846 1929 940 2012 alios,
959 1927 1057 1995 etiam
1073 1924 1274 1995 salutaribus
1292 1927 1427 1996 monitis
1444 1935 1475 1992 et

349 2033 483 2100 attentis
500 2033 785 2104 exhortationibus
803 2032 995 2119 inducendo,
1011 2039 1046 2102 ut
1062 2035 1248 2119 dampnatis
1259 2034 1474 2103 Tartarornm

350 2146 384 2207 et
399 2141 535 2208 aliorum
553 2144 771 2230 predictorum
784 2144 949 2214 erroribus
961 2144 1090 2231 penitus
1101 2141 1279 2224 dereliotis,
1290 2145 1476 2230 predictam

349 2252 518 2336 Reginam,
534 2271 632 2336 quam
643 2252 778 2340 indigne
794 2251 975 2337 abieeeras,
992 2270 1055 2318 non
1072 2249 1206 2336 indigne
1222 2269 1421 2336 resumeres,
1439 2274 1477 2320 ae

351 2362 473 2428 samin
490 2379 608 2431 seonro
625 2367 713 2428 statu
729 2379 929 2430 conservans
946 2368 979 2427 et
995 2359 1161 2443 retinens,
1186 2361 1294 2445 ipsam
1310 2363 1476 2429 maritalis

351 2467 535 2539 affectionis
563 2471 672 2538 rtudio
698 2477 930 2559 pertractares.
949 2469 991 2535 At
1015 2476 1050 2534 tn
1067 2489 1125 2555 per
1149 2470 1292 2554 abrupta
1315 2469 1477 2538 indevoti·
1563 2483 1564 2496 *

351 2578 424 2645 onis
441 2579 598 2645 oberrans
613 2585 647 2646 et
663 2579 707 2646 ad
724 2577 947 2647 inobedientia
976 2577 1171 2644 detestande
1187 2578 1337 2645 duritiem
1355 2587 1389 2646 te
1406 2597 1478 2646 oon·

350 2693 496 2775 vertens,
512 2688 700 2756 huiusmodi
716 2686 949 2755 monitionibus
966 2692 1003 2752 et
1019 2683 1313 2770 exhortationibus,
1334 2705 1418 2770 quas
1435 2689 1480 2772 pii

351 2797 456 2882 patris
472 2798 675 2882 prodnnebat
693 2795 839 2881 effeetus,
855 2815 972 2882 parere
988 2795 1167 2878 humiliter,
1183 2803 1282 2881 prout
1297 2795 1395 2863 nobis
1412 2797 1479 2862 ela·
1563 2781 1564 2784 ¹

351 2905 451 2974 moris
467 2905 567 2974 validi
583 2905 710 2973 revelat
727 2905 878 2990 assertio,
895 2925 960 2970 non
977 2905 1109 2970 nutasti.
1135 2902 1206 2968 Nos
1235 2909 1346 2968 autem
1365 2905 1408 2972 de
1425 2912 1479 2971 tuo

350 3023 384 3084 et
400 3016 545 3097 eiusdem
560 3015 666 3102 Regni
680 3020 770 3082 statu
796 3015 937 3081 sollieite
961 3011 1155 3098 rogitantes,
1179 3017 1212 3078 et
1229 3012 1402 3097 oupientes
1419 3014 1474 3081 ad-

353 3124 485 3192 modum
511 3143 685 3211 personam
711 3129 822 3206 tuam,
845 3141 886 3187 na
911 3129 944 3189 te
960 3121 1081 3189 diutius
1096 3143 1127 3188 a
1152 3121 1270 3204 gregis
1297 3121 1398 3187 oanln
1423 3122 1479 3188 do·
1563 3111 1564 3196 J

352 3233 464 3301 minioi
488 3232 732 3318 dispendiosius
758 3231 912 3296 oberrare
929 3230 1107 3313 contingat,
1128 3228 1173 3295 ad
1193 3229 1330 3297 meliora
1347 3231 1481 3296 fauente

293 3399 297 3408 .
353 3342 493 3409 Domino
509 3341 650 3410 oonsilio
667 3347 699 3406 et
715 3339 759 3406 ad
775 3346 869 3408 aetus
886 3339 1044 3405 reducere
1061 3337 1235 3421 salutares,
1253 3337 1480 3406 venerabilem

353 3451 488 3519 fratrem
513 3455 659 3516 nostrum
677 3452 922 3516 Benevenutum
940 3447 1141 3534 Episcopum
1164 3445 1395 3528 Rugubinum,
1425 3467 1482 3514 ex·

351 3559 523 3628 bibituram
533 3557 744 3646 presentium,
755 3556 893 3624 oonsilio
903 3556 1262 3643 providum,uirtutibus
1274 3555 1481 3643 insignitum,

354 3687 394 3736 aa
410 3669 506 3740 uobis
523 3678 556 3736 et
572 3668 725 3735 iratribus
741 3666 864 3735 nostris
880 3665 996 3732 merito
1022 3683 1081 3731 sne
1096 3665 1271 3750 probitatis
1288 3673 1482 3754 aooeptum,
1563 3703 1564 3706 =

356 3779 401 3847 ad
416 3786 448 3844 te
464 3797 503 3844 ao
519 3778 681 3862 prefatum
694 3779 845 3862 Regnum
861 3775 1018 3860 Ungarie,
1031 3774 1202 3840 eommisso
1218 3774 1280 3840 sibi
1296 3775 1330 3839 in
1342 3793 1383 3841 eo
1394 3796 1439 3843 aa
1450 3777 1484 3843 in
1563 3777 1564 3780 ’

352 3887 506 3954 nonnulis
522 3883 596 3953 aliis
612 3885 762 3970 partibus
780 3884 879 3968 plene
904 3883 1080 3968 legationis
1105 3881 1225 3962 ollieio,
1242 3889 1401 3966 anquam
1421 3907 1481 3972 pa·
1563 3913 1564 3926 ι

355 3993 401 4062 ois
418 3996 568 4078 angelum
583 3993 798 4062 destinamus.
810 3992 1027 4062 serenitatem
1046 3991 1144 4078 igitur
1154 3991 1291 4077 Regiam
1305 4011 1481 4078 rogamus,

354 4121 522 4170 monemus
548 4109 581 4170 et
606 4102 774 4172 hortamur
803 4107 949 4178 attente,
974 4108 1135 4185 quatenus
1151 4101 1346 4186 Rpiseopum
1364 4102 1482 4188 ipsum

354 4233 413 4300 pro
429 4212 550 4282 Divina
566 4221 598 4281 et
614 4213 804 4301 Apostolioe
820 4209 918 4279 Sedis
935 4229 976 4277 ae
991 4215 1104 4277 nostra
1130 4213 1314 4278 reverentia
1331 4210 1486 4296 benigne

355 4324 517 4408 reeipisns
542 4330 576 4389 et
600 4321 848 4390 honorificentia
876 4321 1041 4404 condigna
1055 4324 1269 4406 pertractans,
1285 4319 1390 4386 verba
1409 4321 1485 4388 eius

356 4433 483 4500 devota
498 4432 614 4499 audias
630 4439 663 4497 et
674 4433 842 4519 intelligas
858 4429 1043 4516 diligenter,
1063 4449 1103 4494 ae
1119 4427 1187 4494 eins
1204 4427 1393 4495 salubribus
1411 4451 1487 4497 nro-

357 4541 444 4623 nitis,
461 4539 739 4607 exhortationibus
756 4547 789 4607 ot
804 4541 971 4608 mandatis
994 4547 1162 4622 tamqnam
1190 4537 1435 4606 benedictionis
1452 4541 1486 4606 li-

358 4649 423 4722 lius
445 4646 606 4738 promptis
632 4649 749 4718 animis
774 4649 978 4736 aequiesoss,
1006 4649 1054 4719 uie
1070 4653 1104 4715 te
1117 4648 1152 4717 in
1169 4643 1233 4716 lriis
1249 4643 1436 4716 efioaeiter
1453 4658 1486 4717 et
