<?xml version="1.0" encoding="UTF-8"?>
<!DOCTYPE html PUBLIC "-//W3C//DTD XHTML 1.0 Transitional//EN"
    "http://www.w3.org/TR/xhtml1/DTD/xhtml1-transitional.dtd">
<html xmlns="http://www.w3.org/1999/xhtml" xml:lang="en" lang="en">
 <head>
  <title>
</title>
<meta http-equiv="Content-Type" content="text/html;charset=utf-8" />
  <meta name='ocr-system' content='tesseract 3.04.00' />
  <meta name='ocr-capabilities' content='ocr_page ocr_carea ocr_par ocr_line ocrx_word'/>
</head>
<body>
  <div class='ocr_page' id='page_1' title='image "./codexdiplomatic08wenzgoog_0228.png"; bbox 0 0 3142 5164; ppageno 0'>
   <div class='ocr_carea' id='block_1_1' title="bbox 807 257 966 358">
    <p class='ocr_par' dir='ltr' id='par_1_1' title="bbox 807 257 966 358">
     <span class='ocr_line' id='line_1_1' title="bbox 807 257 966 358; baseline 0 0"><span class='ocrx_word' id='word_1_1' title='bbox 807 257 966 358; x_wconf 47' lang='lat' dir='ltr'><strong>„st-</strong></span> 
     </span>
    </p>
   </div>
   <div class='ocr_carea' id='block_1_2' title="bbox 324 451 1454 1088">
    <p class='ocr_par' dir='ltr' id='par_1_2' title="bbox 324 451 1454 1088">
     <span class='ocr_line' id='line_1_2' title="bbox 432 451 1453 540; baseline -0.002 -16"><span class='ocrx_word' id='word_1_2' title='bbox 432 459 470 524; x_wconf 90' lang='lat' dir='ltr'><strong>In</strong></span> <span class='ocrx_word' id='word_1_3' title='bbox 495 476 525 526; x_wconf 87' lang='lat' dir='ltr'><strong>e.</strong></span> <span class='ocrx_word' id='word_1_4' title='bbox 552 482 595 528; x_wconf 90' lang='lat' dir='ltr'><strong>m.</strong></span> <span class='ocrx_word' id='word_1_5' title='bbox 620 457 748 528; x_wconf 87' lang='lat' dir='ltr'><strong>dilectis</strong></span> <span class='ocrx_word' id='word_1_6' title='bbox 773 456 851 524; x_wconf 87' lang='lat' dir='ltr'><strong>filiis</strong></span> <span class='ocrx_word' id='word_1_7' title='bbox 877 458 1040 530; x_wconf 86' lang='lat' dir='ltr'><strong>nobilibus</strong></span> <span class='ocrx_word' id='word_1_8' title='bbox 1067 456 1147 524; x_wconf 81' lang='lat' dir='ltr'><strong>siris</strong></span> <span class='ocrx_word' id='word_1_9' title='bbox 1171 451 1338 540; x_wconf 78' lang='lat' dir='ltr'><strong>Ducibus,</strong></span> <span class='ocrx_word' id='word_1_10' title='bbox 1362 455 1453 524; x_wconf 86' lang='lat' dir='ltr'><strong>llar-</strong></span> 
     </span>
     <span class='ocr_line' id='line_1_3' title="bbox 324 565 1453 653; baseline -0.004 -17"><span class='ocrx_word' id='word_1_11' title='bbox 324 565 506 653; x_wconf 89' lang='lat' dir='ltr'><strong>ohionibus,</strong></span> <span class='ocrx_word' id='word_1_12' title='bbox 523 569 702 638; x_wconf 77' lang='lat' dir='ltr'><strong>(inmitibus</strong></span> <span class='ocrx_word' id='word_1_13' title='bbox 713 572 746 634; x_wconf 93' lang='lat' dir='ltr'><strong>et</strong></span> <span class='ocrx_word' id='word_1_14' title='bbox 761 567 943 637; x_wconf 78' lang='lat' dir='ltr'><strong>Batonibus</strong></span> <span class='ocrx_word' id='word_1_15' title='bbox 961 589 1001 638; x_wconf 88' lang='lat' dir='ltr'><strong>ac</strong></span> <span class='ocrx_word' id='word_1_16' title='bbox 1012 567 1164 636; x_wconf 78' lang='lat' dir='ltr'><strong>universo</strong></span> <span class='ocrx_word' id='word_1_17' title='bbox 1175 565 1305 652; x_wconf 88' lang='lat' dir='ltr'><strong>populo,</strong></span> <span class='ocrx_word' id='word_1_18' title='bbox 1323 565 1453 636; x_wconf 77' lang='lat' dir='ltr'><strong>Christi</strong></span> 
     </span>
     <span class='ocr_line' id='line_1_4' title="bbox 324 673 1453 762; baseline -0.001 -21"><span class='ocrx_word' id='word_1_19' title='bbox 324 673 477 743; x_wconf 87' lang='lat' dir='ltr'><strong>fidelibus</strong></span> <span class='ocrx_word' id='word_1_20' title='bbox 492 696 551 762; x_wconf 92' lang='lat' dir='ltr'><strong>per</strong></span> <span class='ocrx_word' id='word_1_21' title='bbox 568 677 716 762; x_wconf 80' lang='lat' dir='ltr'>Regnum</span> <span class='ocrx_word' id='word_1_22' title='bbox 733 673 881 760; x_wconf 89' lang='lat' dir='ltr'><strong>Ungarie</strong></span> <span class='ocrx_word' id='word_1_23' title='bbox 907 677 1115 761; x_wconf 89' lang='lat' dir='ltr'><strong>constitutis,</strong></span> <span class='ocrx_word' id='word_1_24' title='bbox 1137 674 1323 744; x_wconf 88' lang='lat' dir='ltr'><strong>venerabili</strong></span> <span class='ocrx_word' id='word_1_25' title='bbox 1350 673 1453 740; x_wconf 88' lang='lat' dir='ltr'><strong>fratri</strong></span> 
     </span>
     <span class='ocr_line' id='line_1_5' title="bbox 324 783 1454 874; baseline -0.002 -24"><span class='ocrx_word' id='word_1_26' title='bbox 324 789 436 854; x_wconf 89' lang='lat' dir='ltr'><strong>nostro</strong></span> <span class='ocrx_word' id='word_1_27' title='bbox 462 784 619 872; x_wconf 91' lang='lat' dir='ltr'><strong>Philippo</strong></span> <span class='ocrx_word' id='word_1_28' title='bbox 645 785 811 872; x_wconf 73' lang='lat' dir='ltr'>Episcopo</span> <span class='ocrx_word' id='word_1_29' title='bbox 827 785 982 854; x_wconf 78' lang='lat' dir='ltr'><strong>Firmano</strong></span> <span class='ocrx_word' id='word_1_30' title='bbox 996 785 1186 874; x_wconf 83' lang='lat' dir='ltr'><strong>Apostolice</strong></span> <span class='ocrx_word' id='word_1_31' title='bbox 1210 783 1307 853; x_wconf 85' lang='lat' dir='ltr'><strong>Sedis</strong></span> <span class='ocrx_word' id='word_1_32' title='bbox 1321 784 1454 867; x_wconf 84' lang='lat' dir='ltr'><strong>Legato</strong></span> 
     </span>
     <span class='ocr_line' id='line_1_6' title="bbox 326 890 1454 964; baseline -0.006 -4"><span class='ocrx_word' id='word_1_33' title='bbox 326 893 361 960; x_wconf 89' lang='lat' dir='ltr'><strong>in</strong></span> <span class='ocrx_word' id='word_1_34' title='bbox 378 893 554 964; x_wconf 88' lang='lat' dir='ltr'><strong>commisso</strong></span> <span class='ocrx_word' id='word_1_35' title='bbox 571 893 636 962; x_wconf 88' lang='lat' dir='ltr'><strong>sibi</strong></span> <span class='ocrx_word' id='word_1_36' title='bbox 651 893 760 962; x_wconf 84' lang='lat' dir='ltr'><strong>officio</strong></span> <span class='ocrx_word' id='word_1_37' title='bbox 776 891 917 960; x_wconf 83' lang='lat' dir='ltr'><strong>fideliter</strong></span> <span class='ocrx_word' id='word_1_38' title='bbox 934 893 1178 962; x_wconf 76' lang='lat' dir='ltr'><strong>assistentibus.</strong></span> <span class='ocrx_word' id='word_1_39' title='bbox 1195 890 1368 960; x_wconf 79' lang='lat' dir='ltr'><strong>Militantis</strong></span> <span class='ocrx_word' id='word_1_40' title='bbox 1384 894 1454 954; x_wconf 90' lang='lat' dir='ltr'><strong>etc.</strong></span> 
     </span>
     <span class='ocr_line' id='line_1_7' title="bbox 326 997 1453 1088; baseline -0.007 -16"><span class='ocrx_word' id='word_1_41' title='bbox 326 1009 363 1072; x_wconf 92' lang='lat' dir='ltr'><strong>ut</strong></span> <span class='ocrx_word' id='word_1_42' title='bbox 377 1004 412 1072; x_wconf 93' lang='lat' dir='ltr'><strong>in</strong></span> <span class='ocrx_word' id='word_1_43' title='bbox 428 1005 595 1088; x_wconf 85' lang='lat' dir='ltr'><strong>proxima,</strong></span> <span class='ocrx_word' id='word_1_44' title='bbox 619 1001 730 1070; x_wconf 82' lang='lat' dir='ltr'><strong>verbis</strong></span> <span class='ocrx_word' id='word_1_45' title='bbox 747 1007 973 1088; x_wconf 88' lang='lat' dir='ltr'><strong>competenter</strong></span> <span class='ocrx_word' id='word_1_46' title='bbox 989 1002 1146 1088; x_wconf 90' lang='lat' dir='ltr'><strong>mutatis,</strong></span> <span class='ocrx_word' id='word_1_47' title='bbox 1172 1001 1325 1085; x_wconf 86' lang='lat' dir='ltr'><strong>usquein</strong></span> <span class='ocrx_word' id='word_1_48' title='bbox 1341 997 1453 1068; x_wconf 88' lang='lat' dir='ltr'><strong>finem.</strong></span> 
     </span>
    </p>
   </div>
   <div class='ocr_carea' id='block_1_3' title="bbox 328 1194 1455 1448">
    <p class='ocr_par' dir='ltr' id='par_1_3' title="bbox 328 1194 1455 1448">
     <span class='ocr_line' id='line_1_8' title="bbox 333 1194 1455 1272; baseline -0.005 -16"><span class='ocrx_word' id='word_1_49' title='bbox 333 1198 387 1256; x_wconf 91' lang='lat' dir='ltr'><strong>Ill.</strong></span> <span class='ocrx_word' id='word_1_50' title='bbox 400 1197 507 1256; x_wconf 83' lang='lat' dir='ltr'><strong>Milrlds</strong></span> <span class='ocrx_word' id='word_1_51' title='bbox 518 1195 596 1270; x_wconf 76' lang='lat' dir='ltr'><strong>pipo</strong></span> <span class='ocrx_word' id='word_1_52' title='bbox 605 1195 805 1272; x_wconf 78' lang='lat' dir='ltr'><strong>Rogesttibol,</strong></span> <span class='ocrx_word' id='word_1_53' title='bbox 816 1197 944 1255; x_wconf 87' lang='lat' dir='ltr'><strong>Theinor</strong></span> <span class='ocrx_word' id='word_1_54' title='bbox 953 1199 993 1254; x_wconf 93' lang='lat' dir='ltr'><strong>id.</strong></span> <span class='ocrx_word' id='word_1_55' title='bbox 1006 1216 1042 1252; x_wconf 92' lang='lat' dir='ltr'><strong>m.</strong></span> <span class='ocrx_word' id='word_1_56' title='bbox 1053 1198 1076 1252; x_wconf 93' lang='lat' dir='ltr'><strong>l.</strong></span> <span class='ocrx_word' id='word_1_57' title='bbox 1086 1197 1116 1252; x_wconf 88' lang='lat' dir='ltr'><strong>k.</strong></span> <span class='ocrx_word' id='word_1_58' title='bbox 1126 1197 1187 1252; x_wconf 82' lang='lat'><strong>344.</strong></span> <span class='ocrx_word' id='word_1_59' title='bbox 1199 1196 1220 1252; x_wconf 93' lang='lat' dir='ltr'><strong>l.</strong></span> <span class='ocrx_word' id='word_1_60' title='bbox 1230 1195 1256 1254; x_wconf 81' lang='lat' dir='ltr'>A</span> <span class='ocrx_word' id='word_1_61' title='bbox 1266 1194 1344 1270; x_wconf 75' lang='lat' dir='ltr'><strong>palpa</strong></span> <span class='ocrx_word' id='word_1_62' title='bbox 1352 1212 1455 1268; x_wconf 77' lang='lat' dir='ltr'><strong>ugyan</strong></span> 
     </span>
     <span class='ocr_line' id='line_1_9' title="bbox 328 1283 1453 1362; baseline -0.004 -18"><span class='ocrx_word' id='word_1_63' title='bbox 328 1305 401 1346; x_wconf 81' lang='lat' dir='ltr'><strong>anon</strong></span> <span class='ocrx_word' id='word_1_64' title='bbox 410 1285 556 1362; x_wconf 76' lang='lat' dir='ltr'><strong>targyban</strong></span> <span class='ocrx_word' id='word_1_65' title='bbox 565 1286 617 1346; x_wconf 89' lang='lat' dir='ltr'><strong>1v.</strong></span> <span class='ocrx_word' id='word_1_66' title='bbox 627 1287 731 1346; x_wconf 80' lang='lat' dir='ltr'><strong>Lisalo</strong></span> <span class='ocrx_word' id='word_1_67' title='bbox 741 1286 894 1360; x_wconf 81' lang='lat' dir='ltr'><strong>lririlyhoa</strong></span> <span class='ocrx_word' id='word_1_68' title='bbox 904 1285 943 1344; x_wconf 90' lang='lat' dir='ltr'><strong>lrt</strong></span> <span class='ocrx_word' id='word_1_69' title='bbox 952 1284 1058 1346; x_wconf 78' lang='lat' dir='ltr'><strong>levelet</strong></span> <span class='ocrx_word' id='word_1_70' title='bbox 1067 1287 1131 1344; x_wconf 78' lang='lat' dir='ltr'><strong>ldsd</strong></span> <span class='ocrx_word' id='word_1_71' title='bbox 1140 1283 1277 1358; x_wconf 80' lang='lat' dir='ltr'><strong>Fejdrne&#39;l</strong></span> <span class='ocrx_word' id='word_1_72' title='bbox 1289 1283 1359 1342; x_wconf 78' lang='lat' dir='ltr'><strong>(lod.</strong></span> <span class='ocrx_word' id='word_1_73' title='bbox 1369 1285 1453 1359; x_wconf 91' lang='lat' dir='ltr'><strong>Dipl.</strong></span> 
     </span>
     <span class='ocr_line' id='line_1_10' title="bbox 470 1375 1296 1448; baseline -0.006 -11"><span class='ocrx_word' id='word_1_74' title='bbox 470 1380 507 1437; x_wconf 85' lang='lat' dir='ltr'><strong>V.</strong></span> <span class='ocrx_word' id='word_1_75' title='bbox 519 1379 582 1436; x_wconf 81' lang='lat' dir='ltr'><strong>ket.</strong></span> <span class='ocrx_word' id='word_1_76' title='bbox 593 1377 620 1434; x_wconf 74' lang='lat'><strong>2.</strong></span> <span class='ocrx_word' id='word_1_77' title='bbox 633 1399 655 1435; x_wconf 87' lang='lat' dir='ltr'><strong>r.</strong></span> <span class='ocrx_word' id='word_1_78' title='bbox 666 1377 727 1434; x_wconf 69' lang='lat'><strong>572.</strong></span> <span class='ocrx_word' id='word_1_79' title='bbox 740 1378 760 1436; x_wconf 92' lang='lat' dir='ltr'><strong>l.</strong></span> <span class='ocrx_word' id='word_1_80' title='bbox 775 1377 805 1435; x_wconf 76' lang='lat' dir='ltr'><strong>ds</strong></span> <span class='ocrx_word' id='word_1_81' title='bbox 819 1375 997 1436; x_wconf 73' lang='lat' dir='ltr'><strong>Theinernel</strong></span> <span class='ocrx_word' id='word_1_82' title='bbox 1009 1378 1047 1434; x_wconf 86' lang='lat' dir='ltr'><strong>id.</strong></span> <span class='ocrx_word' id='word_1_83' title='bbox 1060 1395 1098 1436; x_wconf 88' lang='lat' dir='ltr'><strong>m.</strong></span> <span class='ocrx_word' id='word_1_84' title='bbox 1111 1378 1131 1433; x_wconf 91' lang='grc' dir='ltr'><strong>Ι.</strong></span> <span class='ocrx_word' id='word_1_85' title='bbox 1146 1377 1174 1432; x_wconf 90' lang='lat' dir='ltr'><strong>k.</strong></span> <span class='ocrx_word' id='word_1_86' title='bbox 1187 1375 1250 1434; x_wconf 79' lang='lat'><strong>341.</strong></span> <span class='ocrx_word' id='word_1_87' title='bbox 1262 1376 1296 1448; x_wconf 93' lang='lat' dir='ltr'><strong>l.)</strong></span> 
     </span>
    </p>
   </div>
   <div class='ocr_carea' id='block_1_4' title="bbox 767 1657 1019 1668">
    <p class='ocr_par' dir='ltr' id='par_1_4' title="bbox 767 1657 1019 1668">
     <span class='ocr_line' id='line_1_11' title="bbox 767 1657 1019 1668; baseline -0.004 -1"><span class='ocrx_word' id='word_1_88' title='bbox 767 1657 1019 1668; x_wconf 62' lang='lat' dir='ltr'><strong>——u—a———n</strong></span> 
     </span>
    </p>
   </div>
   <div class='ocr_carea' id='block_1_5' title="bbox 331 2421 1459 2623">
    <p class='ocr_par' dir='ltr' id='par_1_5' title="bbox 331 2421 1459 2623">
     <span class='ocr_line' id='line_1_12' title="bbox 331 2421 1459 2517; baseline -0.008 -23"><span class='ocrx_word' id='word_1_89' title='bbox 331 2428 396 2494; x_wconf 83' lang='grc' dir='ltr'><em>ΙΙΙ.</em></span> <span class='ocrx_word' id='word_1_90' title='bbox 421 2423 542 2494; x_wconf 72' lang='lat' dir='ltr'><strong>Miletos</strong></span> <span class='ocrx_word' id='word_1_91' title='bbox 555 2433 648 2517; x_wconf 76' lang='lat' dir='ltr'><strong>pcipe</strong></span> <span class='ocrx_word' id='word_1_92' title='bbox 672 2427 775 2514; x_wconf 76' lang='lat' dir='ltr'><strong>Fatup</strong></span> <span class='ocrx_word' id='word_1_93' title='bbox 795 2425 950 2514; x_wconf 80' lang='lat' dir='ltr'><strong>pilspdltb&#39;t</strong></span> <span class='ocrx_word' id='word_1_94' title='bbox 965 2425 1099 2510; x_wconf 83' lang='lat' dir='ltr'><strong>apostoli</strong></span> <span class='ocrx_word' id='word_1_95' title='bbox 1114 2423 1326 2510; x_wconf 72' lang='lat' dir='ltr'><strong>tooetstqttan</strong></span> <span class='ocrx_word' id='word_1_96' title='bbox 1344 2421 1459 2509; x_wconf 72' lang='lat' dir='ltr'><strong>crdlycs</strong></span> 
     </span>
     <span class='ocr_line' id='line_1_13' title="bbox 677 2533 1112 2623; baseline 0.002 -24"><span class='ocrx_word' id='word_1_97' title='bbox 677 2535 836 2623; x_wconf 60' lang='lat' dir='ltr'><strong>oporam</strong></span> <span class='ocrx_word' id='word_1_98' title='bbox 851 2534 999 2600; x_wconf 66' lang='lat' dir='ltr'><strong>sertae.</strong></span> <span class='ocrx_word' id='word_1_99' title='bbox 1014 2533 1112 2600; x_wconf 80' lang='lat'><strong>1279.</strong></span> 
     </span>
    </p>
   </div>
   <div class='ocr_carea' id='block_1_6' title="bbox 332 2726 1478 4660">
    <p class='ocr_par' dir='ltr' id='par_1_6' title="bbox 332 2726 1478 4660">
     <span class='ocr_line' id='line_1_14' title="bbox 438 2726 1460 2820; baseline -0.008 -17"><span class='ocrx_word' id='word_1_100' title='bbox 438 2733 598 2804; x_wconf 83' lang='lat' dir='ltr'><strong>Nicolaus</strong></span> <span class='ocrx_word' id='word_1_101' title='bbox 629 2733 810 2820; x_wconf 79' lang='lat' dir='ltr'><strong>Episcopus</strong></span> <span class='ocrx_word' id='word_1_102' title='bbox 837 2751 953 2798; x_wconf 86' lang='lat' dir='ltr'><strong>seruus</strong></span> <span class='ocrx_word' id='word_1_103' title='bbox 983 2751 1151 2800; x_wconf 86' lang='lat' dir='ltr'><strong>seruorum</strong></span> <span class='ocrx_word' id='word_1_104' title='bbox 1184 2728 1249 2796; x_wconf 90' lang='lat' dir='ltr'><strong>Dei</strong></span> <span class='ocrx_word' id='word_1_105' title='bbox 1274 2726 1460 2794; x_wconf 86' lang='lat' dir='ltr'><strong>venerabili</strong></span> 
     </span>
     <span class='ocr_line' id='line_1_15' title="bbox 332 2837 1461 2930; baseline -0.009 -18"><span class='ocrx_word' id='word_1_106' title='bbox 332 2845 426 2912; x_wconf 80' lang='lat' dir='ltr'><strong>fratri</strong></span> <span class='ocrx_word' id='word_1_107' title='bbox 450 2843 604 2930; x_wconf 87' lang='lat' dir='ltr'><strong>Philippo</strong></span> <span class='ocrx_word' id='word_1_108' title='bbox 630 2843 795 2930; x_wconf 84' lang='lat' dir='ltr'><strong>Episcopo</strong></span> <span class='ocrx_word' id='word_1_109' title='bbox 822 2843 978 2910; x_wconf 80' lang='lat' dir='ltr'><strong>Firmano</strong></span> <span class='ocrx_word' id='word_1_110' title='bbox 1004 2839 1193 2927; x_wconf 86' lang='lat' dir='ltr'><strong>Apostolice</strong></span> <span class='ocrx_word' id='word_1_111' title='bbox 1217 2837 1313 2905; x_wconf 85' lang='lat' dir='ltr'><strong>Sedis</strong></span> <span class='ocrx_word' id='word_1_112' title='bbox 1331 2837 1461 2920; x_wconf 83' lang='lat' dir='ltr'><strong>Legato</strong></span> 
     </span>
     <span class='ocr_line' id='line_1_16' title="bbox 334 2943 1463 3035; baseline -0.006 -17"><span class='ocrx_word' id='word_1_113' title='bbox 334 2951 474 3020; x_wconf 90' lang='lat' dir='ltr'><strong>salutem</strong></span> <span class='ocrx_word' id='word_1_114' title='bbox 500 2958 533 3017; x_wconf 92' lang='lat' dir='ltr'><strong>et</strong></span> <span class='ocrx_word' id='word_1_115' title='bbox 557 2950 782 3035; x_wconf 86' lang='lat' dir='ltr'><strong>Apostolicam</strong></span> <span class='ocrx_word' id='word_1_116' title='bbox 814 2949 1085 3016; x_wconf 81' lang='lat' dir='ltr'><strong>benedictionem.</strong></span> <span class='ocrx_word' id='word_1_117' title='bbox 1121 2949 1193 3014; x_wconf 85' lang='lat' dir='ltr'><strong>Tue</strong></span> <span class='ocrx_word' id='word_1_118' title='bbox 1218 2943 1400 3012; x_wconf 86' lang='lat' dir='ltr'><strong>devotionis</strong></span> <span class='ocrx_word' id='word_1_119' title='bbox 1427 2957 1463 3011; x_wconf 93' lang='lat' dir='ltr'><strong>et</strong></span> 
     </span>
     <span class='ocr_line' id='line_1_17' title="bbox 333 3053 1463 3145; baseline -0.004 -21"><span class='ocrx_word' id='word_1_120' title='bbox 333 3057 409 3126; x_wconf 88' lang='lat' dir='ltr'><strong>fidei</strong></span> <span class='ocrx_word' id='word_1_121' title='bbox 426 3057 563 3128; x_wconf 82' lang='lat' dir='ltr'><strong>claritas</strong></span> <span class='ocrx_word' id='word_1_122' title='bbox 581 3059 703 3126; x_wconf 88' lang='lat' dir='ltr'><strong>lucidis</strong></span> <span class='ocrx_word' id='word_1_123' title='bbox 720 3062 812 3145; x_wconf 76' lang='lat' dir='ltr'><strong>postet</strong></span> <span class='ocrx_word' id='word_1_124' title='bbox 828 3057 994 3144; x_wconf 91' lang='lat' dir='ltr'><strong>operibus,</strong></span> <span class='ocrx_word' id='word_1_125' title='bbox 1012 3063 1154 3142; x_wconf 83' lang='lat' dir='ltr'><strong>accepta</strong></span> <span class='ocrx_word' id='word_1_126' title='bbox 1169 3056 1241 3122; x_wconf 89' lang='lat' dir='ltr'><strong>Deo</strong></span> <span class='ocrx_word' id='word_1_127' title='bbox 1257 3058 1290 3122; x_wconf 89' lang='lat' dir='ltr'><strong>et</strong></span> <span class='ocrx_word' id='word_1_128' title='bbox 1305 3053 1463 3119; x_wconf 83' lang='lat' dir='ltr'><strong>humanis</strong></span> 
     </span>
     <span class='ocr_line' id='line_1_18' title="bbox 333 3162 1463 3252; baseline -0.002 -22"><span class='ocrx_word' id='word_1_129' title='bbox 333 3165 487 3234; x_wconf 86' lang='lat' dir='ltr'><strong>laudibus</strong></span> <span class='ocrx_word' id='word_1_130' title='bbox 513 3165 709 3236; x_wconf 89' lang='lat' dir='ltr'><strong>attollenda.</strong></span> <span class='ocrx_word' id='word_1_131' title='bbox 728 3165 896 3232; x_wconf 89' lang='lat' dir='ltr'><strong>Sentimus</strong></span> <span class='ocrx_word' id='word_1_132' title='bbox 912 3165 998 3231; x_wconf 86' lang='lat' dir='ltr'><strong>enim</strong></span> <span class='ocrx_word' id='word_1_133' title='bbox 1008 3217 1018 3252; x_wconf 91' lang='lat'><em>‚</em></span> <span class='ocrx_word' id='word_1_134' title='bbox 1045 3165 1133 3248; x_wconf 91' lang='lat' dir='ltr'><strong>quod</strong></span> <span class='ocrx_word' id='word_1_135' title='bbox 1149 3162 1386 3232; x_wconf 80' lang='lat' dir='ltr'><strong>exaltationem</strong></span> <span class='ocrx_word' id='word_1_136' title='bbox 1405 3182 1463 3228; x_wconf 86' lang='lat' dir='ltr'><strong>ca·</strong></span> 
     </span>
     <span class='ocr_line' id='line_1_19' title="bbox 333 3271 1464 3361; baseline -0.003 -22"><span class='ocrx_word' id='word_1_137' title='bbox 333 3273 456 3341; x_wconf 88' lang='lat' dir='ltr'><strong>tbolicc</strong></span> <span class='ocrx_word' id='word_1_138' title='bbox 471 3271 547 3340; x_wconf 88' lang='lat' dir='ltr'><strong>fidei</strong></span> <span class='ocrx_word' id='word_1_139' title='bbox 563 3275 668 3361; x_wconf 90' lang='lat' dir='ltr'><strong>plenis</strong></span> <span class='ocrx_word' id='word_1_140' title='bbox 686 3273 860 3342; x_wconf 83' lang='lat' dir='ltr'><strong>affectibus</strong></span> <span class='ocrx_word' id='word_1_141' title='bbox 876 3273 998 3356; x_wconf 86' lang='lat' dir='ltr'><strong>diligis,</strong></span> <span class='ocrx_word' id='word_1_142' title='bbox 1022 3279 1054 3340; x_wconf 90' lang='lat' dir='ltr'><strong>et</strong></span> <span class='ocrx_word' id='word_1_143' title='bbox 1070 3274 1141 3340; x_wconf 88' lang='lat' dir='ltr'><strong>cius</strong></span> <span class='ocrx_word' id='word_1_144' title='bbox 1157 3271 1273 3340; x_wconf 79' lang='lat' dir='ltr'><strong>existis</strong></span> <span class='ocrx_word' id='word_1_145' title='bbox 1288 3276 1464 3358; x_wconf 85' lang='lat' dir='ltr'><strong>promotor</strong></span> 
     </span>
     <span class='ocr_line' id='line_1_20' title="bbox 335 3381 1467 3466; baseline -0.004 -18"><span class='ocrx_word' id='word_1_146' title='bbox 335 3381 517 3464; x_wconf 88' lang='lat' dir='ltr'><strong>sollicitus,</strong></span> <span class='ocrx_word' id='word_1_147' title='bbox 543 3403 609 3450; x_wconf 91' lang='lat' dir='ltr'><strong>non</strong></span> <span class='ocrx_word' id='word_1_148' title='bbox 627 3382 782 3448; x_wconf 83' lang='lat' dir='ltr'><strong>variabili</strong></span> <span class='ocrx_word' id='word_1_149' title='bbox 802 3382 983 3449; x_wconf 86' lang='lat' dir='ltr'><strong>mutatione</strong></span> <span class='ocrx_word' id='word_1_150' title='bbox 999 3400 1107 3450; x_wconf 86' lang='lat' dir='ltr'><strong>rerum</strong></span> <span class='ocrx_word' id='word_1_151' title='bbox 1126 3387 1159 3450; x_wconf 90' lang='lat' dir='ltr'><strong>ct</strong></span> <span class='ocrx_word' id='word_1_152' title='bbox 1174 3387 1373 3466; x_wconf 88' lang='lat' dir='ltr'><strong>temporum,</strong></span> <span class='ocrx_word' id='word_1_153' title='bbox 1398 3399 1467 3444; x_wconf 89' lang='lat' dir='ltr'><strong>neo</strong></span> 
     </span>
     <span class='ocr_line' id='line_1_21' title="bbox 334 3489 1466 3574; baseline -0.004 -18"><span class='ocrx_word' id='word_1_154' title='bbox 334 3489 447 3574; x_wconf 87' lang='lat' dir='ltr'><strong>aliquo</strong></span> <span class='ocrx_word' id='word_1_155' title='bbox 459 3491 572 3558; x_wconf 93' lang='lat' dir='ltr'><strong>nubilo</strong></span> <span class='ocrx_word' id='word_1_156' title='bbox 585 3489 724 3556; x_wconf 90' lang='lat' dir='ltr'><strong>turbinis</strong></span> <span class='ocrx_word' id='word_1_157' title='bbox 740 3489 890 3556; x_wconf 85' lang='lat' dir='ltr'><strong>invirum</strong></span> <span class='ocrx_word' id='word_1_158' title='bbox 907 3490 1048 3556; x_wconf 89' lang='lat' dir='ltr'><strong>alterum</strong></span> <span class='ocrx_word' id='word_1_159' title='bbox 1060 3489 1306 3574; x_wconf 87' lang='lat' dir='ltr'><strong>permutandus,</strong></span> <span class='ocrx_word' id='word_1_160' title='bbox 1321 3493 1466 3573; x_wconf 88' lang='lat' dir='ltr'><strong>propter</strong></span> 
     </span>
     <span class='ocr_line' id='line_1_22' title="bbox 335 3596 1467 3684; baseline -0.004 -18"><span class='ocrx_word' id='word_1_161' title='bbox 335 3597 425 3683; x_wconf 86' lang='lat' dir='ltr'><strong>quod</strong></span> <span class='ocrx_word' id='word_1_162' title='bbox 440 3607 548 3684; x_wconf 86' lang='lat' dir='ltr'><strong>pretor</strong></span> <span class='ocrx_word' id='word_1_163' title='bbox 564 3597 686 3664; x_wconf 87' lang='lat' dir='ltr'><strong>Divine</strong></span> <span class='ocrx_word' id='word_1_164' title='bbox 701 3597 926 3666; x_wconf 85' lang='lat' dir='ltr'><strong>retributionis</strong></span> <span class='ocrx_word' id='word_1_165' title='bbox 943 3599 1122 3684; x_wconf 88' lang='lat' dir='ltr'><strong>premium,</strong></span> <span class='ocrx_word' id='word_1_166' title='bbox 1146 3596 1335 3683; x_wconf 89' lang='lat' dir='ltr'><strong>Apostolice</strong></span> <span class='ocrx_word' id='word_1_167' title='bbox 1360 3596 1467 3664; x_wconf 89' lang='lat' dir='ltr'><strong>Sedis</strong></span> 
     </span>
     <span class='ocr_line' id='line_1_23' title="bbox 334 3704 1469 3793; baseline -0.003 -20"><span class='ocrx_word' id='word_1_168' title='bbox 334 3707 500 3790; x_wconf 83' lang='lat' dir='ltr'><strong>favorem,</strong></span> <span class='ocrx_word' id='word_1_169' title='bbox 529 3713 563 3774; x_wconf 91' lang='lat' dir='ltr'><strong>et</strong></span> <span class='ocrx_word' id='word_1_170' title='bbox 588 3707 729 3792; x_wconf 81' lang='lat' dir='ltr'><strong>gratiam</strong></span> <span class='ocrx_word' id='word_1_171' title='bbox 755 3725 814 3792; x_wconf 88' lang='lat' dir='ltr'><strong>per</strong></span> <span class='ocrx_word' id='word_1_172' title='bbox 840 3705 984 3793; x_wconf 88' lang='lat' dir='ltr'><strong>ipsorum</strong></span> <span class='ocrx_word' id='word_1_173' title='bbox 1010 3725 1144 3791; x_wconf 87' lang='lat' dir='ltr'><strong>operum</strong></span> <span class='ocrx_word' id='word_1_174' title='bbox 1169 3704 1369 3772; x_wconf 83' lang='lat' dir='ltr'><strong>evidentiam</strong></span> <span class='ocrx_word' id='word_1_175' title='bbox 1397 3723 1469 3770; x_wconf 90' lang='lat' dir='ltr'><strong>mc-</strong></span> 
     </span>
     <span class='ocr_line' id='line_1_24' title="bbox 334 3813 1470 3898; baseline 0 -18"><span class='ocrx_word' id='word_1_176' title='bbox 334 3815 440 3882; x_wconf 89' lang='lat' dir='ltr'><strong>ruisti.</strong></span> <span class='ocrx_word' id='word_1_177' title='bbox 464 3814 562 3884; x_wconf 86' lang='lat' dir='ltr'><strong>Unde</strong></span> <span class='ocrx_word' id='word_1_178' title='bbox 578 3816 621 3882; x_wconf 92' lang='lat' dir='ltr'><strong>ab</strong></span> <span class='ocrx_word' id='word_1_179' title='bbox 638 3816 717 3884; x_wconf 92' lang='lat' dir='ltr'><strong>olim</strong></span> <span class='ocrx_word' id='word_1_180' title='bbox 742 3835 809 3882; x_wconf 90' lang='lat' dir='ltr'><strong>non</strong></span> <span class='ocrx_word' id='word_1_181' title='bbox 825 3815 986 3881; x_wconf 90' lang='lat' dir='ltr'><strong>immerito</strong></span> <span class='ocrx_word' id='word_1_182' title='bbox 1003 3813 1044 3882; x_wconf 91' lang='lat' dir='ltr'><strong>de</strong></span> <span class='ocrx_word' id='word_1_183' title='bbox 1061 3821 1115 3882; x_wconf 89' lang='lat' dir='ltr'><strong>tue</strong></span> <span class='ocrx_word' id='word_1_184' title='bbox 1141 3814 1288 3898; x_wconf 86' lang='lat' dir='ltr'><strong>puritatis</strong></span> <span class='ocrx_word' id='word_1_185' title='bbox 1304 3819 1470 3880; x_wconf 88' lang='lat' dir='ltr'><strong>constan·</strong></span> 
     </span>
     <span class='ocr_line' id='line_1_25' title="bbox 334 3919 1472 4008; baseline 0.002 -20"><span class='ocrx_word' id='word_1_186' title='bbox 334 3922 384 3989; x_wconf 91' lang='lat' dir='ltr'><strong>tia</strong></span> <span class='ocrx_word' id='word_1_187' title='bbox 409 3921 629 4008; x_wconf 82' lang='lat' dir='ltr'><strong>confidentes,</strong></span> <span class='ocrx_word' id='word_1_188' title='bbox 656 3943 698 3991; x_wconf 88' lang='lat' dir='ltr'><strong>ac</strong></span> <span class='ocrx_word' id='word_1_189' title='bbox 725 3924 767 3991; x_wconf 90' lang='lat' dir='ltr'><strong>dc</strong></span> <span class='ocrx_word' id='word_1_190' title='bbox 794 3919 902 3991; x_wconf 89' lang='lat' dir='ltr'><strong>salute</strong></span> <span class='ocrx_word' id='word_1_191' title='bbox 920 3969 927 3987; x_wconf 93' lang='lat'><strong>.</strong></span> <span class='ocrx_word' id='word_1_192' title='bbox 944 3971 952 3988; x_wconf 95' lang='lat'><strong>.</strong></span> <span class='ocrx_word' id='word_1_193' title='bbox 971 3971 979 3989; x_wconf 92' lang='lat'><strong>.</strong></span> <span class='ocrx_word' id='word_1_194' title='bbox 1001 3923 1102 4008; x_wconf 86' lang='lat' dir='ltr'><strong>Regis</strong></span> <span class='ocrx_word' id='word_1_195' title='bbox 1127 3931 1162 3991; x_wconf 88' lang='lat' dir='ltr'><strong>et</strong></span> <span class='ocrx_word' id='word_1_196' title='bbox 1186 3923 1292 4008; x_wconf 87' lang='lat' dir='ltr'><strong>Regni</strong></span> <span class='ocrx_word' id='word_1_197' title='bbox 1311 3920 1472 4006; x_wconf 86' lang='lat' dir='ltr'><strong>ngaric</strong></span> 
     </span>
     <span class='ocr_line' id='line_1_26' title="bbox 335 4029 1473 4118; baseline 0.002 -20"><span class='ocrx_word' id='word_1_198' title='bbox 335 4029 455 4100; x_wconf 90' lang='lat' dir='ltr'><strong>sedulo</strong></span> <span class='ocrx_word' id='word_1_199' title='bbox 481 4032 686 4118; x_wconf 85' lang='lat' dir='ltr'><strong>cogitantes,</strong></span> <span class='ocrx_word' id='word_1_200' title='bbox 723 4031 847 4100; x_wconf 90' lang='lat' dir='ltr'><strong>dudum</strong></span> <span class='ocrx_word' id='word_1_201' title='bbox 872 4031 1051 4100; x_wconf 87' lang='lat' dir='ltr'><strong>intellectis</strong></span> <span class='ocrx_word' id='word_1_202' title='bbox 1085 4032 1291 4100; x_wconf 88' lang='lat' dir='ltr'><strong>tumultuosis</strong></span> <span class='ocrx_word' id='word_1_203' title='bbox 1314 4032 1473 4100; x_wconf 90' lang='lat' dir='ltr'><strong>motibus</strong></span> 
     </span>
     <span class='ocr_line' id='line_1_27' title="bbox 335 4137 1475 4225; baseline -0.004 -17"><span class='ocrx_word' id='word_1_204' title='bbox 335 4138 440 4225; x_wconf 90' lang='lat' dir='ltr'><strong>ipsius</strong></span> <span class='ocrx_word' id='word_1_205' title='bbox 455 4139 561 4225; x_wconf 84' lang='lat' dir='ltr'><strong>Regni</strong></span> <span class='ocrx_word' id='word_1_206' title='bbox 578 4144 612 4208; x_wconf 90' lang='lat' dir='ltr'><strong>et</strong></span> <span class='ocrx_word' id='word_1_207' title='bbox 626 4137 795 4206; x_wconf 91' lang='lat' dir='ltr'><strong>seditiosis</strong></span> <span class='ocrx_word' id='word_1_208' title='bbox 806 4138 998 4208; x_wconf 90' lang='lat' dir='ltr'><strong>tumultibus</strong></span> <span class='ocrx_word' id='word_1_209' title='bbox 1007 4139 1189 4207; x_wconf 88' lang='lat' dir='ltr'><strong>incolarum</strong></span> <span class='ocrx_word' id='word_1_210' title='bbox 1199 4139 1287 4208; x_wconf 90' lang='lat' dir='ltr'><strong>illius</strong></span> <span class='ocrx_word' id='word_1_211' title='bbox 1303 4137 1368 4206; x_wconf 90' lang='lat' dir='ltr'><strong>stb.</strong></span> <span class='ocrx_word' id='word_1_212' title='bbox 1380 4143 1475 4215; x_wconf 84' lang='lat' dir='ltr'><strong>(mint</strong></span> 
     </span>
     <span class='ocr_line' id='line_1_28' title="bbox 336 4244 1475 4330; baseline 0.004 -19"><span class='ocrx_word' id='word_1_213' title='bbox 336 4252 442 4311; x_wconf 81' lang='lat' dir='ltr'><strong>tenobb</strong></span> <span class='ocrx_word' id='word_1_214' title='bbox 469 4252 520 4308; x_wconf 82' lang='lat'><strong>58.</strong></span> <span class='ocrx_word' id='word_1_215' title='bbox 546 4273 584 4309; x_wconf 74' lang='lat' dir='ltr'><strong>sn.</strong></span> <span class='ocrx_word' id='word_1_216' title='bbox 610 4251 648 4324; x_wconf 84' lang='lat' dir='ltr'><strong>a.)</strong></span> <span class='ocrx_word' id='word_1_217' title='bbox 673 4244 820 4313; x_wconf 88' lang='lat' dir='ltr'><strong>remedia</strong></span> <span class='ocrx_word' id='word_1_218' title='bbox 844 4247 1002 4330; x_wconf 85' lang='lat' dir='ltr'><strong>cogitare.</strong></span> <span class='ocrx_word' id='word_1_219' title='bbox 1033 4247 1196 4327; x_wconf 80' lang='lat' dir='ltr'><strong>Quocirca</strong></span> <span class='ocrx_word' id='word_1_220' title='bbox 1220 4246 1475 4315; x_wconf 85' lang='lat' dir='ltr'><strong>fraternitatem</strong></span> 
     </span>
     <span class='ocr_line' id='line_1_29' title="bbox 338 4352 1474 4440; baseline 0.002 -18"><span class='ocrx_word' id='word_1_221' title='bbox 338 4361 428 4422; x_wconf 83' lang='lat' dir='ltr'><strong>tuam</strong></span> <span class='ocrx_word' id='word_1_222' title='bbox 453 4352 663 4438; x_wconf 88' lang='lat' dir='ltr'><strong>presentibus</strong></span> <span class='ocrx_word' id='word_1_223' title='bbox 691 4353 872 4422; x_wconf 88' lang='lat' dir='ltr'><strong>excitamus</strong></span> <span class='ocrx_word' id='word_1_224' title='bbox 883 4405 892 4440; x_wconf 96' lang='lat'><strong>,</strong></span> <span class='ocrx_word' id='word_1_225' title='bbox 930 4361 1089 4440; x_wconf 90' lang='lat' dir='ltr'><strong>quatenus</strong></span> <span class='ocrx_word' id='word_1_226' title='bbox 1120 4361 1289 4438; x_wconf 90' lang='lat' dir='ltr'><strong>tamquam</strong></span> <span class='ocrx_word' id='word_1_227' title='bbox 1314 4354 1367 4422; x_wconf 84' lang='lat' dir='ltr'><strong>vir</strong></span> <span class='ocrx_word' id='word_1_228' title='bbox 1396 4377 1474 4424; x_wconf 88' lang='lat' dir='ltr'><strong>ma·</strong></span> 
     </span>
     <span class='ocr_line' id='line_1_30' title="bbox 336 4459 1476 4548; baseline 0.004 -21"><span class='ocrx_word' id='word_1_229' title='bbox 336 4459 513 4548; x_wconf 80' lang='lat' dir='ltr'><strong>guanimus</strong></span> <span class='ocrx_word' id='word_1_230' title='bbox 530 4460 706 4528; x_wconf 87' lang='lat' dir='ltr'><strong>audaciam</strong></span> <span class='ocrx_word' id='word_1_231' title='bbox 725 4466 759 4529; x_wconf 90' lang='lat' dir='ltr'><strong>ct</strong></span> <span class='ocrx_word' id='word_1_232' title='bbox 782 4461 928 4546; x_wconf 87' lang='lat' dir='ltr'><strong>vigorem</strong></span> <span class='ocrx_word' id='word_1_233' title='bbox 957 4481 1141 4548; x_wconf 90' lang='lat' dir='ltr'><strong>assumens,</strong></span> <span class='ocrx_word' id='word_1_234' title='bbox 1163 4461 1348 4546; x_wconf 89' lang='lat' dir='ltr'><strong>nulliusque</strong></span> <span class='ocrx_word' id='word_1_235' title='bbox 1368 4463 1476 4532; x_wconf 80' lang='lat' dir='ltr'><strong>timo</strong></span> 
     </span>
     <span class='ocr_line' id='line_1_31' title="bbox 336 4565 1478 4660; baseline 0.004 -22"><span class='ocrx_word' id='word_1_236' title='bbox 336 4570 384 4638; x_wconf 90' lang='lat' dir='ltr'><strong>ris</strong></span> <span class='ocrx_word' id='word_1_237' title='bbox 399 4570 453 4638; x_wconf 84' lang='lat' dir='ltr'><strong>rel</strong></span> <span class='ocrx_word' id='word_1_238' title='bbox 470 4565 606 4656; x_wconf 84' lang='lat' dir='ltr'><strong>periculi</strong></span> <span class='ocrx_word' id='word_1_239' title='bbox 623 4567 908 4654; x_wconf 84' lang='lat' dir='ltr'><strong>consideratione,</strong></span> <span class='ocrx_word' id='word_1_240' title='bbox 933 4572 987 4640; x_wconf 84' lang='lat' dir='ltr'><strong>vel</strong></span> <span class='ocrx_word' id='word_1_241' title='bbox 1012 4569 1073 4640; x_wconf 88' lang='lat' dir='ltr'><strong>sub</strong></span> <span class='ocrx_word' id='word_1_242' title='bbox 1096 4571 1205 4642; x_wconf 90' lang='lat' dir='ltr'><strong>colore</strong></span> <span class='ocrx_word' id='word_1_243' title='bbox 1230 4568 1478 4660; x_wconf 88' lang='lat' dir='ltr'><strong>appellationis</strong></span> 
     </span>
    </p>
   </div>
   <div class='ocr_carea' id='block_1_7' title="bbox 0 0 1594 5164">
    <p class='ocr_par' dir='ltr' id='par_1_7' title="bbox 0 0 1594 5164">
     <span class='ocr_line' id='line_1_32' title="bbox 0 0 1594 5164; baseline 0 0"><span class='ocrx_word' id='word_1_244' title='bbox 0 0 1594 5164; x_wconf 95' lang='lat' dir='ltr'><strong> </strong></span> 
     </span>
    </p>
   </div>
  </div>
 </body>
</html>
