3142 5164
613 319 769 422 jsr-

126 521 285 588 dientiam
300 525 335 588 et
351 521 568 588 reverentiam
598 519 754 598 debitam,
770 538 810 585 ao
827 519 897 584 eius
913 515 1100 586 salubribus
1117 519 1255 600 mandas

126 633 171 698 tis
196 637 231 696 et
255 617 390 696 monitis
416 628 595 697 eldeaoiter
619 625 826 696 intendatis:
851 628 899 692 ita
916 626 1005 710 quod
1020 627 1093 712 ipse
1109 625 1142 692 in
1158 627 1254 694 vobis

128 737 319 808 devotionis
335 739 431 820 lilios,
449 758 490 805 ae
505 757 565 805 vos
581 747 821 822 eonsequenter
836 739 871 804 in
887 757 926 804 eo
942 742 1074 822 patrem
1087 736 1253 806 invenisse

127 849 318 916 benivolum
334 849 519 934 gaudeatis.
536 847 691 932 Alioquin
708 849 913 932 sententiam,
924 865 1023 930 quam
1036 845 1108 930 ipse
1123 852 1256 932 propter

131 959 196 1026 hoe
220 958 283 1024 rite
308 957 420 1024 tulerit
445 956 479 1024 in
496 956 650 1040 rebelles,
665 961 773 1024 ratam
789 953 983 1023 habebimus
1000 960 1063 1021 ete.
1081 972 1184 1038 usque
1200 955 1256 1022 ob-

131 1071 271 1139 servari.
1324 1066 1326 1070 ’

242 1179 280 1243 In
306 1195 335 1242 e.
361 1197 404 1242 m.
420 1173 517 1243 Glero
534 1173 687 1242 (livitatis
703 1179 738 1240 et
755 1173 907 1242 Dioeesis
923 1180 984 1240 ete.
1010 1173 1257 1260 strigoniensis.

242 1282 294 1351 sd
310 1286 422 1352 utilem
449 1284 669 1372 provisionem
686 1289 745 1351 ete.
763 1283 974 1351 instaurabis.
1000 1281 1164 1362 Quoeirea
1189 1283 1257 1352 uni-

132 1395 325 1462 versitatem
341 1399 485 1461 vestram
501 1411 677 1476 monemus,
695 1411 847 1478 rogamus
863 1399 924 1458 ete.
942 1391 1123 1460 observari.
1205 1411 1209 1416 ·

242 1502 280 1570 In
297 1523 324 1571 e.
341 1522 384 1569 m.
402 1503 528 1588 Populo
544 1489 694 1570 Civitatis
710 1506 744 1568 et
760 1499 911 1569 Dionesis
928 1500 1175 1586 Strigoniensis.
1243 1513 1244 1518 ’

243 1610 295 1678 Ad
310 1608 425 1680 utilem
440 1611 664 1697 provisionem
680 1615 743 1676 eto.
760 1608 973 1678 instaurabis.
998 1609 1162 1688 Qnooiroa
1176 1607 1259 1674 unii-

131 1711 316 1788 vamtatem¹
338 1725 483 1788 vestram
499 1721 687 1803 monemus,
712 1737 866 1804 rogamus
883 1723 915 1783 et
930 1718 1099 1787 hortamur
1125 1721 1261 1798 attente,

133 1829 500 1916 perApostolieavobis
511 1829 635 1916 seripta
646 1827 853 1910 mandantes,
865 1834 1025 1910 quatenus
1036 1827 1177 1894 eundem
1189 1825 1261 1892 llle·

134 1945 224 2006 otum
250 1956 321 2004 eum
347 1940 456 2024 gratia
480 1938 722 2007 benedietionis
749 1940 861 2004 nostra
876 1937 921 2005 ad
937 1935 1043 2022 ipsam
1059 1935 1262 2020 Strigouien·

135 2066 206 2114 sem
222 2045 409 2114 lleelesiam
425 2047 637 2116 aoeedentem
655 2045 866 2114 admittentes
882 2043 1015 2126 liariter,
1034 2051 1067 2112 et
1086 2043 1192 2112 eidem
1208 2047 1262 2115 ho·

133 2153 374 2223 norifieentiam
389 2157 479 2242 patri
496 2156 658 2242 spirituali
674 2155 822 2224 debitam
838 2155 1044 2240 exhibentes,
1057 2155 1121 2223 sibi
1138 2175 1179 2222 ae
1189 2157 1261 2222 eius

135 2262 324 2332 salubribus
339 2263 505 2336 mandatis
519 2271 552 2332 et
561 2265 694 2334 monitis
707 2264 887 2333 effieaolter
897 2263 1099 2331 intendatis:
1117 2265 1165 2332 ita
1175 2264 1262 2350 quod

134 2375 209 2460 ipse
225 2373 260 2440 in
275 2374 372 2443 vobis
389 2373 575 2444 devotionis
591 2373 687 2454 lilios,
704 2393 744 2442 ae
758 2393 819 2443 vos
836 2381 1077 2460 consequenter
1100 2375 1133 2443 in
1150 2393 1190 2443 eo
1206 2393 1263 2463 pa-

133 2485 220 2550 trem
235 2483 403 2552 invenisse
416 2483 615 2552 benevolum
632 2483 817 2568 gaudeatis.

246 2591 282 2656 In
299 2610 328 2658 e.
345 2613 387 2658 m.
404 2591 551 2661 Vasallis
566 2591 718 2662 Eoolesie
736 2585 984 2678 strigoniensis.

243 2699 295 2766 Ad
313 2699 425 2770 utilem
451 2702 673 2787 provisionem
700 2708 764 2770 ete.
781 2699 992 2772 instaurabis.
1013 2697 1178 2781 Quooirea
1193 2700 1264 2769 nni·

135 2809 329 2904 versitatem
345 2817 489 2878 vestram
505 2829 696 2896 monemus,
722 2829 877 2895 rogamus
894 2815 927 2876 et
942 2811 1111 2878 hortamur
1128 2816 1263 2894 attente,

135 2937 196 3006 per
222 2919 415 3006 Apostoliea
439 2921 537 2991 vobis
562 2921 688 3008 scripta
712 2919 917 3006 mandantes,
944 2925 1107 3006 quatenus
1124 2921 1264 2990 eundem
1320 2921 1322 2926 '

137 3027 289 3097 lllleotum
316 3047 388 3096 eum
412 3029 655 3099 benedictionis
681 3037 795 3100 nostre
820 3031 865 3098 ad
881 3029 988 3116 ipsam
1005 3029 1263 3117 strigoniensem

137 3135 317 3206 aeolesiam
341 3137 550 3206 accedentem
577 3135 787 3208 admittentes
812 3137 946 3225 ilariter,
964 3145 997 3207 et
1012 3137 1120 3206 eidem
1136 3137 1266 3206 honori·

137 3245 305 3315 beentlam
331 3247 418 3333 petri
445 3247 611 3334 spirituali
639 3245 783 3316 debitam
800 3247 1005 3331 exhibentes,
1023 3247 1086 3315 sibi
1102 3247 1266 3315 iuramen-

135 3361 206 3423 tum
231 3353 401 3423 fidelitatis
426 3356 558 3423 solitum
585 3355 755 3443 exhibere,
776 3375 817 3423 ae
833 3356 875 3424 de
890 3355 1016 3424 iuribus
1034 3363 1068 3423 et
1083 3355 1266 3424 redditibus

137 3465 202 3532 sibl
230 3470 263 3532 et
285 3464 382 3533 robls
408 3463 530 3532 debitis
546 3465 750 3550 respondere
765 3465 893 3550 integre
911 3463 1073 3533 studeatis
1091 3487 1098 3529 :
1115 3465 1163 3531 ita
1179 3467 1266 3547 quod

136 3575 210 3660 ipse
227 3569 262 3639 in
277 3571 373 3640 vobis
388 3571 575 3641 devotionis
590 3572 688 3658 lilios,
706 3591 745 3639 ae
761 3592 821 3640 vos
839 3581 1079 3658 oonsequenter
1098 3573 1134 3642 in
1150 3593 1190 3641 eo
1205 3595 1264 3660 pa-

134 3689 219 3750 trem
236 3681 404 3749 invenisse
420 3681 615 3751 benevolum
632 3683 819 3768 gaudeatis.
831 3683 986 3768 Alioquin
1000 3683 1181 3753 sententias
1196 3683 1266 3752 sive

134 3809 254 3877 penas,
270 3808 355 3874 quas
370 3793 443 3878 lpse
459 3796 593 3878 propter
612 3789 674 3858 hoe
688 3792 750 3858 rite
765 3791 876 3864 tulerit
892 3799 926 3860 et
942 3791 1094 3861 statuerit
1109 3791 1144 3858 in
1160 3787 1269 3859 rebel·

135 3901 197 3985 les,
213 3903 323 3965 ratam
341 3885 535 3967 habebimus
552 3905 613 3968 eto.
624 3917 729 3984 usque
739 3901 915 3972 observari.
930 3899 1054 3968 Datum
1063 3899 1167 3968 Rome
1178 3899 1270 3986 apud

136 4010 297 4078 Senatum
315 4007 449 4076 Petrum
473 4005 588 4077 Idibus
614 4009 714 4096 Junii,
731 4005 961 4098 (Pontificatus
977 4006 1097 4097 nostri)
1114 4029 1200 4076 anno
1217 4027 1268 4077 se·

137 4113 256 4185 eundo.

238 4309 302 4384 (ΠΙ.
316 4310 424 4371 Hiklds
437 4310 517 4388 plpa
528 4313 731 4389 Begastlibdl,
745 4313 871 4373 Thdner
884 4315 923 4373 id.
936 4331 973 4371 m.
987 4313 1010 4371 1.
1024 4313 1055 4371 k.
1070 4313 1131 4374 888.
1143 4313 1177 4387 l.)

599 4607 813 4620 ——a—-n—-n
