3116 5166
620 321 777 423 All...

122 517 271 602 benigne
289 515 494 604 recipientes
506 523 536 582 et
554 517 731 585 honorilice
742 522 997 604 pertractantes,
1016 515 1079 584 sibl
1095 521 1259 602 umquem

124 625 320 711 Apostolice
337 625 435 698 Sedis
453 627 587 710 Legato,
607 647 665 712 pro
682 627 785 714 ipsius
811 633 845 691 et
860 631 974 692 nostro
990 623 1176 691 reverentie
1186 673 1194 712 ,
1211 624 1258 690 in·

123 733 271 802 tendetis
300 733 467 802 humiliter
493 741 526 802 et
543 735 661 805 deuote
677 738 781 822 ipsius
799 741 936 818 statute,
957 736 1080 804 monita
1095 731 1259 824 et'proeo·

125 847 187 928 pts
204 848 237 909 et
254 861 318 928 quc
335 844 429 912 robis
446 863 488 911 ex
503 850 598 933 perte
624 851 737 912 nostre
762 844 969 913 mundaverit
979 893 987 928 ,
1005 841 1187 912 efficaciter
1203 845 1260 911 ud·

124 949 315 1036 implendo:
334 952 479 1037 alioquin
497 954 678 1020 sententies
695 953 765 1020 sive
781 971 899 1040 penes,
918 973 1000 1038 quus
1017 953 1090 1040 ipse
1116 951 1178 1020 rite
1195 960 1260 1022 ste·

125 1059 230 1124 tuerit
255 1057 290 1125 in
318 1060 478 1146 rebelles,
499 1067 589 1130 rcus
606 1062 801 1130 habebimus
818 1068 851 1127 et
867 1061 1025 1129 iaciemus
1042 1068 1174 1130 anctore
1192 1061 1260 1130 Do-

128 1165 220 1232 mino
236 1167 475 1237 inviolabiliter
501 1172 682 1238 obseruari.
709 1169 832 1238 Datum
859 1169 998 1238 viterbii
1023 1169 1065 1236 X.
1092 1172 1261 1240 Kalendas

127 1272 296 1358 Octobris,
314 1277 528 1346 Pontificatus
545 1281 647 1346 nostri
664 1298 752 1348 euno
769 1281 884 1364 primo.
1193 1277 1195 1283 ’

184 1509 185 1512 =
239 1470 300 1541 (ΙΙΙ.
314 1474 422 1534 Miklds
436 1474 513 1548 pepe
526 1475 717 1550 Regestdibdl
730 1475 858 1534 Tbeiuer
872 1475 910 1532 id.
926 1491 961 1532 m.
976 1475 997 1532 1.
1011 1475 1039 1530 lr.
1053 1475 1115 1532 829.
1128 1473 1160 1546 Ι.)
1181 1535 1187 1546 ,

574 1757 830 1778 Ἣ

671 2301 728 2368 db.

131 2500 170 2586 8)
188 2497 219 2565 A
228 2503 324 2588 pdpo
340 2497 434 2565 lecolo
459 2499 775 2586 Muqyarorozdonak
800 2501 831 2564 e
846 2498 1004 2568 szomsrdd
1017 2480 1200 2570 oide‘ker'uols
1216 2503 1262 2568 ui-

571 2607 638 2694 Ιάρπ1
662 2593 836 2674 rondeibee.

248 2804 406 2874 Nicotaus
434 2805 619 2891 Episcopus
635 2821 750 2872 seruus
767 2821 934 2874 seruorum
951 2804 1024 2892 Dei,
1041 2804 1173 2877 dilectis
1189 2807 1267 2880 dlils

134 2913 305 2984 nobilibus
332 2914 421 3000 viris,
449 2912 613 2982 universis
640 2911 821 2979 Comitibus
848 2918 883 2981 et
896 2911 1054 2980 Militibus
1071 2933 1110 2982 ec
1127 2917 1268 3004 populis,

135 3025 210 3093 sire
236 3023 455 3092 eomitatibus
482 3021 681 3106 Civitatem,
707 3023 897 3090 Castrorum
924 3024 1105 3090 stallorum
1123 3026 1268 3096 locorum

135 3153 199 3220 per
213 3135 364 3217 Regnum
389 3131 538 3217 Ungerie
559 3151 600 3200 uc
616 3138 731 3217 partes
748 3131 882 3200 Polonie
892 3181 901 3216 ,
918 3131 1105 3218 Delmatie,
1122 3133 1266 3222 Oroetic,

136 3243 262 3324 Reme,
287 3243 422 3328 Seruie,
438 3239 651 3324 Lodomerie,
670 3239 812 3325 (letitie,
828 3261 868 3307 ec
896 3241 1056 3308 (lumenie
1083 3226 1270 3311 constitutis

137 3351 281 3419 sulutem
307 3357 341 3417 et
366 3349 593 3435 Apostolicam
622 3347 896 3418 benedictionem.
928 3347 967 3413 Iu
992 3348 1150 3418 eminenti
1173 3350 1270 3421 Sedis

139 3459 334 3545 Apostolice
351 3460 489 3547 speculo
499 3510 508 3545 ,
525 3459 720 3546 disponente
736 3459 887 3544 Domino,
905 3457 1083 3544 constituti,
1101 3458 1212 3529 domui
1223 3461 1269 3530 Is·

136 3568 222 3652 recl,
239 3569 402 3638 universis
418 3569 574 3637 videlicet
590 3567 797 3651 christianis,
816 3569 871 3651 qui
887 3565 965 3636 fidei
981 3569 1086 3636 oeulis
1103 3569 1208 3636 Deum
1225 3569 1271 3636 ri-

138 3677 230 3763 dent,
247 3683 405 3762 quantum
431 3677 527 3745 nobis
544 3699 585 3746 ex
602 3679 671 3745 alto
687 3677 897 3763 conceditur,
915 3684 1104 3762 oportunum
1122 3677 1271 3766 specule-

138 3785 226 3854 toris
253 3785 397 3854 officium
425 3785 648 3872 impertimur,
673 3792 804 3854 etcum
830 3785 1019 3870 indulgetur
1035 3803 1056 3852 a
1072 3783 1193 3854 Divina
1209 3787 1272 3856 tle·

140 3893 287 3979 mentio,
313 3901 506 3964 reverenter
533 3893 577 3960 ed
603 3911 658 3962 cor
685 3895 788 3962 altum
805 3893 1004 3981 accedimus,
1021 3900 1058 3961 ut
1073 3915 1192 3965 nomen
1207 3891 1273 3979 Do·

139 4001 224 4069 mini
241 4001 488 4070 sanctissimum
501 4009 569 4068 tam
585 4001 619 4070 in
636 4003 771 4072 remotis
797 4003 913 4070 extolli
929 4001 1097 4089 pertibus,
1124 4023 1222 4089 quum
1238 4003 1273 4069 in

138 4111 261 4179 vicinis
288 4113 389 4179 etiem
414 4129 651 4198 procuremus,
668 4113 872 4199 apponentes
890 4131 1019 4178 menum
1036 4118 1148 4182 nosue
1165 4111 1270 4198 possi·

139 4219 283 4288 bilitetis
301 4218 344 4286 ud
360 4239 503 4306 opernm,
521 4239 619 4305 qnam
633 4241 803 4308 speramus
820 4222 853 4288 in
870 4219 1012 4288 excelsis
1029 4220 1273 4310 loroplscldem

140 4336 176 4397 ct
199 4329 235 4394 in
261 4329 358 4397 terris
384 4329 534 4398 nouimus
562 4335 771 4415 oportunum.
787 4328 937 4396 Summus
954 4327 1086 4413 quidem
1102 4329 1190 4397 orbis
1206 4328 1274 4415 opi-

141 4438 198 4505 fex
224 4445 258 4504 ot
283 4437 440 4507 universe
466 4437 616 4506 conditor
631 4445 782 4507 creature
798 4441 988 4506 terrestrem
1005 4437 1149 4522 patrium
1165 4435 1274 4530 dispo-

139 4547 208 4617 suit
223 4545 288 4614 sub
299 4547 440 4635 provide
455 4547 653 4616 discretione
669 4549 866 4637 Regnorum,
883 4565 993 4632 eoque
1011 4545 1160 4614 consulte
1170 4543 1274 4612 voluit

140 4653 240 4738 dirigi
257 4660 294 4720 et
305 4653 432 4722 salubri
446 4656 605 4744 regimine
620 4657 808 4742 gubernari,
834 4661 1075 4723 recreaturum
1092 4654 1273 4720 eumenen

1010 4759 1031 4826 9
1040 4757 1060 4798 u
