3154 5166
326 1112 385 1200 12)
402 1111 463 1180 IV.
480 1109 598 1177 Miletos
610 1115 701 1201 pcipe
715 1131 903 1199 opyooaaoss
928 1110 1081 1199 tdrpybars
1096 1110 1225 1178 Rolano
1240 1107 1361 1195 erdelya'
1381 1111 1460 1195 oaj.

704 1222 806 1289 datos
823 1225 855 1289 er
869 1223 1073 1290 tcstcdreibez.

428 1437 586 1507 Nicolaus
597 1437 777 1526 Episcopus
788 1457 902 1506 seruus
913 1457 1092 1508 seruorum
1102 1437 1166 1506 Dei
1185 1436 1286 1505 nobili
1302 1437 1379 1506 viro
1393 1433 1459 1503 Rc·

323 1545 425 1616 lando
434 1547 583 1616 Voivode
594 1546 819 1618 Uitrasilvano
831 1547 967 1633 eiusque
978 1546 1143 1617 iratribus
1157 1547 1299 1617 salutem
1310 1553 1342 1615 et
1352 1565 1459 1630 quam

327 1653 552 1743 Apostolicam
564 1655 837 1725 benedictionem.
849 1658 1031 1746 Speramus
1049 1655 1193 1741 firmiter,
1211 1656 1295 1742 quod
1311 1675 1375 1723 vos
1387 1662 1460 1721 tan·

327 1784 423 1850 quam
438 1761 550 1832 fideles
566 1765 627 1834 tilii
643 1773 676 1834 et
693 1765 805 1836 deuoti
821 1775 950 1840 mentes
965 1773 1095 1836 vestras
1111 1768 1157 1836 ad
1172 1749 1307 1834 celestia
1322 1763 1459 1830 deside-

327 1874 378 1941 ria
388 1871 579 1960 dirigentes,
598 1873 685 1944 circa
701 1877 760 1944 illa
777 1897 836 1946 vos
845 1883 1015 1967 promptos
1032 1885 1065 1944 et
1082 1879 1218 1962 paratos
1235 1870 1394 1942 exhibere
1405 1893 1459 1939 cu·

326 1982 416 2070 retis,
428 2001 491 2068 qne
507 2003 647 2071 superno
657 1985 723 2053 sint
733 1993 874 2074 accepta
884 1985 1085 2074 conspectui,
1097 1984 1214 2053 salutis
1231 1980 1460 2067 vestreprole-
1565 2017 1566 2036 r

328 2095 411 2158 ctum
422 2092 612 2180 respiciant,
623 2101 840 2182 etprocurent
855 2095 932 2162 fidei
948 2094 1133 2162 Christiane
1150 2089 1335 2160 continuum
1350 2092 1460 2158 inore·

326 2201 570 2270 mentumSane
580 2203 624 2271 ad
634 2203 1346 2288 audientiamvestramcredimuspervenisse
1356 2221 1460 2286 quam

328 2309 628 2392 reprehensibililer
639 2310 799 2380 hactenus
811 2331 972 2398 quamque
987 2311 1167 2389 inhoneste,
1177 2309 1320 2395 quinimo
1330 2308 1460 2394 pericu·

327 2416 397 2484 lose
410 2437 447 2484 se
458 2419 598 2503 gesserit
611 2469 618 2484 .
629 2469 636 2485 .
647 2467 656 2486 .
667 2419 812 2507 ngarie
822 2423 901 2506 Rex,
915 2421 969 2504 qui
985 2420 1121 2488 vesanie
1134 2417 1297 2488 adherens
1309 2415 1461 2484 consiliis

329 2531 362 2592 et
377 2546 399 2593 a
415 2525 470 2593 via
485 2529 635 2596 veritatis
652 2530 856 2616 exorbitans,
873 2527 1066 2598 Christiana
1082 2529 1239 2616 religione
1256 2525 1460 2615 postposita,
1566 2617 1567 2620 Ἴ

329 2652 365 2700 sc
383 2650 454 2699 cum
471 2633 629 2722 Tartaris,
646 2637 851 2722 sarracenis,
868 2639 1055 2724 Neogeriis,
1073 2645 1106 2704 et
1122 2637 1262 2724 paganis
1274 2636 1459 2720 dampnate

331 2742 589 2811 conversationis
606 2746 747 2814 audacia
764 2745 859 2814 fedus
884 2748 1043 2815 asseritur
1068 2747 1292 2828 contraxisse;
1318 2751 1458 2830 sumpta

333 2869 447 2918 norma
471 2852 630 2939 nepharia
654 2854 846 2942 specialiter
872 2857 1004 2925 vivendi
1021 2876 1092 2922 cum
1110 2855 1285 2942 Naugeriis
1300 2849 1454 2938 supradi-

330 2957 401 3044 ctis,
418 2979 459 3027 ac
476 2962 612 3046 turpiter
635 2971 669 3030 et
684 2963 887 3049 impudenter
910 2963 1042 3033 abiecta
1058 2965 1196 3048 coniuge
1211 2961 1365 3049 propria,
1396 2961 1456 3026 Re·

329 3064 459 3150 galibus
484 3069 597 3154 utiquc
622 3078 694 3140 orta
719 3073 885 3142 natalibus
913 3080 946 3138 ct
971 3072 1109 3141 honeste
1139 3069 1400 3138 conversationis
1415 3086 1457 3135 ac

329 3172 397 3240 rite
413 3176 516 3243 titulis
532 3178 711 3264 insignita,
738 3181 893 3249 videlicet
919 3181 1095 3250 carissima
1115 3181 1148 3246 in
1165 3179 1297 3247 christo
1314 3177 1383 3244 iilia
1397 3197 1455 3244 no·

329 3293 398 3356 stra
424 3285 461 3352 E.
486 3285 613 3355 illustri
639 3289 766 3374 Regina
791 3291 956 3376 Ungarie,
983 3290 1163 3358 crudeliter
1187 3287 1324 3356 seriens
1350 3287 1385 3352 in
1417 3304 1455 3351 se

331 3395 435 3480 ipsum
454 3401 488 3463 et
504 3395 634 3465 domum
651 3395 796 3485 Ungarie
813 3399 960 3468 inclitam
976 3398 1123 3486 Regibus
1140 3398 1264 3485 pollere
1281 3393 1453 3462 catholicis

334 3509 536 3591 consuetam,
547 3504 675 3576 thorum
686 3509 801 3578 fedare
816 3529 881 3576 non
896 3510 1013 3577 metuit
1022 3507 1230 3594 coniugalem
1246 3506 1280 3572 in
1296 3501 1455 3591 grandem

332 3631 473 3700 superne
488 3613 673 3685 Maiestatis
699 3616 876 3702 offensam,
902 3635 1004 3704 grave
1031 3636 1090 3685 sue
1110 3615 1230 3684 salutis
1245 3611 1453 3702 dispendium

331 3729 364 3790 et
388 3721 582 3792 scandalum
605 3724 748 3795 bdelium
776 3725 997 3814 plurimorum.
1024 3727 1093 3795 Nos
1110 3729 1220 3795 autem
1237 3723 1455 3812 equanimiter

332 3830 418 3900 terre
433 3832 516 3902 talia
531 3839 647 3902 ettam
662 3836 776 3920 gravia
801 3856 866 3904 non
881 3837 1043 3922 valentes,
1060 3843 1093 3904 et
1109 3835 1277 3922 cupientes
1293 3853 1353 3922 per
1368 3834 1454 3919 Apo·

332 3941 447 4010 stolicc
462 3941 559 4012 Sedis
574 3943 815 4030 providentiam
840 3954 1035 4034 oportunum
1051 3964 1150 4034 super
1166 3945 1233 4014 biis
1248 3941 1391 4012 Domino
1408 3941 1454 4011 fs·

330 4055 428 4118 vente
452 4050 630 4119 remedium
655 4051 807 4122 adhiberi
819 4102 829 4140 ,
852 4054 1074 4122 venerabilem
1100 4053 1232 4122 fratrem
1259 4059 1404 4121 nostrum
1418 4054 1453 4120 Β.

331 4157 528 4248 Episcopum
555 4161 778 4247 dugunnum,
804 4161 908 4230 virum
934 4162 1045 4248 utique
1071 4161 1245 4232 virtutibus
1261 4159 1455 4248 insignitum

330 4285 370 4334 ac
386 4266 480 4335 nobis
499 4275 532 4336 et
548 4267 703 4338 iratribus
721 4270 840 4338 nostris
865 4270 980 4338 merito
1008 4289 1067 4340 sue
1082 4269 1259 4357 probitatis
1275 4276 1453 4356 acceptum,

330 4373 374 4443 ad
390 4377 541 4463 Regnum
556 4377 713 4466 Ungarie,
730 4380 905 4450 commisso
923 4380 989 4448 sibi
1014 4382 1113 4465 plene
1138 4379 1318 4466 legationis
1345 4378 1454 4448 officio

329 4485 364 4552 in
381 4485 495 4553 eodem
511 4489 633 4572 Regno,
650 4510 710 4557 nec
726 4509 790 4556 non
805 4489 984 4576 Dalmatia,
1002 4509 1065 4576 que
1082 4489 1229 4576 Ungarie
1238 4489 1385 4577 Regibus
1402 4510 1453 4560 so.

331 4592 378 4660 let
404 4611 479 4662 esse
504 4593 652 4663 subiecta
664 4646 673 4681 ,
699 4597 830 4667 Ausbie
840 4643 851 4682 ,
877 4597 1006 4687 styrie,
1031 4599 1217 4686 carinthia,
1245 4599 1404 4670 Germanic
1420 4605 1455 4666 et
