3142 5170
649 1100 725 1168 182.

122 1310 155 1378 A
169 1315 260 1402 pylei
272 1313 424 1400 lopealan
442 1313 718 1402 bizonyodyleoele‚
735 1313 814 1402 lopy
830 1315 988 1396 Erzellet,
1006 1299 1147 1405 Orlolyt
1162 1319 1244 1386 Pon·

121 1426 355 1510 prdozlizoepye
367 1422 425 1489 tlte
433 1422 646 1510 folyldiplaoi
656 1425 872 1489 eltartdodnak
882 1420 1024 1511 feltetele
1034 1425 1150 1494 mellett
1166 1431 1244 1494 mill-

122 1531 186 1595 deo
201 1530 339 1596 birtolodt
354 1555 375 1597 a
383 1532 618 1620 porioonllolmi
633 1532 832 1620 apciloclpnolo
847 1531 1036 1622 zdlopleepen
1058 1537 1185 1624 ooyeolto
1200 1541 1244 1604 cll.

643 1641 741 1705 1286.

232 1855 420 1942 Capitulum
447 1855 629 1924 lentiensis
655 1856 806 1925 Eooleeie
826 1857 987 1926 universio
1005 1859 1124 1928 christi
1140 1860 1244 1928 fideli-

120 1962 183 2030 bus
199 1971 386 2049 presentem
404 1966 560 2052 paginam
576 1965 775 2052 inspecturis
791 1967 929 2034 salutem
955 1969 990 2035 in
1004 1966 1146 2036 Domino
1162 1989 1245 2038 oem-

119 2073 296 2158 pilernem.
306 2073 361 2141 Ad
375 2074 600 2142 universitatis
610 2080 719 2142 vestre
735 2074 891 2142 noticiam
908 2080 1022 2143 tenore
1038 2079 1244 2162 presenoinm

119 2183 272 2249 volumno
282 2183 685 2269 pervenire‚qnodnobilis
696 2184 1246 2273 dominedominelllioebeth,filie

120 2289 286 2360 Jhoannis
302 2288 389 2379 (lgy)
407 2290 449 2358 de
465 2289 556 2376 Zegh
570 2291 613 2359 de
628 2310 749 2377 genere
760 2291 1015 2381 Hnnthpaznen,
1033 2295 1149 2364 reliole
1160 2294 1248 2362 ride-

118 2399 202 2464 lioet
225 2399 361 2467 (lomitis
388 2399 563 2484 Pengreoii
588 2400 629 2466 de
656 2400 800 2488 Eurlryn,
818 2399 958 2468 filiorum
975 2403 1092 2472 orbate
1107 2403 1245 2487 eoleoio,

121 2513 157 2575 et
172 2507 324 2592 tuicione,
341 2528 382 2576 ee
397 2507 591 2578 defensione
606 2528 722 2577 oereno
746 2509 986 2596 proximorum,
1011 2529 1121 2579 eorem
1148 2511 1244 2580 nobis

119 2616 304 2686 constitute
319 2616 548 2703 personaliter,
565 2617 643 2702 quie
659 2625 793 2706 propter
806 2617 989 2686 evidentem
999 2619 1104 2704 Regni
1119 2629 1243 2706 pertur-

117 2725 294 2794 beoionem
310 2745 348 2794 oe
363 2725 573 2796 intolerabile
589 2727 697 2796 honos
713 2727 845 2796 dieebet
871 2726 1007 2795 sufferre
1031 2730 1246 2814 paupertatis,

117 2851 185 2899 neo
207 2835 377 2902 commode
405 2842 536 2922 poteret
562 2842 766 2921 snsoentere,
793 2856 830 2905 se
854 2836 1033 2923 patrocinio
1054 2838 1247 2906 Monaoterii

118 2943 221 3010 Beati
236 2943 369 3012 Martini
394 2945 437 3010 de
452 2944 554 3014 Saoro
570 2945 681 3012 llonte
697 2945 867 3013 Pannonio
892 2966 933 3012 ex
949 2945 1078 3014 fervore
1093 2945 1245 3017 devooio·

120 3053 198 3139 nie,
225 3060 259 3120 et
282 3051 400 3121 devote
426 3052 621 3122 humilitatis
646 3053 765 3122 affeetu
783 3055 954 3139 oommieit,
972 3061 1005 3120 et
1020 3057 1245 3141 possessiones

115 3180 203 3231 suos
219 3162 402 3246 universae,
418 3159 572 3230 videlieet
586 3163 621 3229 in
637 3162 707 3230 Eolr
722 3163 757 3230 in
773 3163 896 3247 vineis,
922 3180 1004 3248 ques
1021 3170 1243 3249 postmortem

115 3269 202 3339 dieti
227 3268 362 3338 Comitio
378 3270 575 3355 Pengreoii,
603 3307 646 3320 -
661 3307 706 3319 -
722 3305 765 3318 —
781 3271 916 3338 rooione
941 3271 1027 3340 dotis
1053 3290 1111 3339 oue
1139 3273 1182 3340 ad
1208 3292 1245 3341 oe

116 3376 258 3447 dicebat
273 3377 465 3464 devenisse,
486 3379 579 3446 (ledit
594 3387 628 3447 et
644 3379 779 3448 donavit
793 3379 941 3464 predioto
958 3381 1157 3448 Moneeterio
1174 3400 1245 3468 per-

113 3492 222 3574 petuo
237 3485 476 3573 possidendae,
502 3508 541 3556 eo
557 3488 683 3557 scilieet
699 3487 814 3572 modo,
841 3489 930 3572 quod
946 3487 1102 3572 quamdin
1128 3488 1241 3556 eedem

119 3596 260 3664 domine
284 3595 422 3680 vixerit,
448 3597 563 3664 Abbee
588 3597 779 3664 Monesterii
794 3597 956 3683 sepedicti
972 3595 1004 3660 in
1029 3595 1192 3664 elimentis
1212 3601 1246 3664 et

118 3703 271 3775 vestibus
296 3705 437 3774 eandem
453 3705 645 3773 decentibus
661 3699 767 3793 ipson
794 3705 958 3774 tenebitur
974 3711 1170 3776 sustentare.
1186 3705 1245 3775 Ar·

116 3813 224 3883 tionlo
248 3813 435 3880 huiusmodi
464 3815 570 3882 eoiern
594 3816 787 3902 interposito
813 3823 845 3884 et
870 3815 1045 3902 apposito,
1070 3813 1157 3899 quod
1176 3815 1245 3900 qui·

117 3939 251 4004 cunque
267 3927 486 4006 cognatorum,
503 3919 667 4007 affinium,
693 3925 745 3992 vel
772 3923 990 4010 proximorum
1015 3921 1094 3990 dieti
1110 3921 1246 3992 Comitio

116 4028 303 4116 Pangraoii
318 4030 409 4116 ipsas
428 4031 659 4116 possessiones
684 4051 706 4099 a
725 4033 813 4102 dioto
830 4033 1027 4100 Moneslerlo
1043 4031 1184 4111 voluerit
1198 4054 1246 4102 re·

117 4160 255 4226 vooare,
272 4159 332 4226 pro
349 4139 591 4228 quinquaginta
607 4143 728 4210 merois
737 4192 746 4227 ,
772 4160 836 4228 qne
852 4141 896 4208 ed
911 4143 1076 4210 racionem
1093 4141 1181 4210 dotis
1196 4161 1245 4214 se·

114 4250 257 4338 pediote
273 4246 404 4318 domine
419 4248 563 4318 debeant
578 4251 773 4336 pervenire,
798 4251 934 4319 eaodem
950 4247 1064 4319 Abbee
1081 4249 1162 4318 dieti
1177 4253 1245 4319 llo·

115 4356 264 4429 nestorii
286 4359 425 4430 reddere
450 4365 621 4446 tenentur,
644 4368 677 4426 et
693 4357 864 4446 poeoniam
880 4359 1027 4445 reoipere
1041 4377 1101 4445 pro
1117 4365 1244 4429 aneten-

113 4471 255 4539 tatione
280 4469 411 4538 domine
437 4469 618 4556 sepedicto.
643 4471 682 4536 In
698 4469 791 4538 ouius
807 4469 856 4536 rei
870 4469 1058 4537 memoriam
1075 4477 1244 4557 presentes

116 4578 347 4648 oonoeonirnns
371 4577 498 4647 litteren
514 4584 625 4644 noetro
641 4577 750 4662 sigillo
765 4579 948 4647 roborotns.
964 4575 1086 4648 Datum
1109 4578 1144 4646 in
1159 4585 1245 4648 oote-

115 4688 177 4758 vie
192 4689 430 4776 Pentecosten,
455 4708 543 4758 anno
568 4689 701 4757 Domini
725 4687 785 4756 lll.
806 4689 889 4760 00⁰.
904 4687 1125 4775 octuagesimo
1141 4694 1244 4780 sexto.
