3142 5164
832 267 972 376 ,Q

335 467 383 533 rei
400 461 590 536 memoriam
608 471 641 534 et
652 471 841 553 perpetuam
854 463 1041 532 firmitatem
1052 469 1226 548 presentes
1243 462 1464 532 concessimnr

334 575 463 646 litteras
490 575 654 662 dupplicis
680 573 781 659 sigilli
809 573 912 640 nostri
931 573 1107 640 munimine
1124 574 1326 642 roborando.
1344 570 1463 640 Datum

333 703 526 772 permanes
542 683 743 752 venerabilis
759 682 819 748 uiri
836 682 985 768 magistri
1001 682 1132 750 Nicolai
1146 681 1296 749 Ecclesia
1309 678 1461 746 albensis

332 793 440 864 illecti
451 791 953 860 aulenostreVice·(ianoellarii
963 788 1074 859 dilecti
1091 788 1239 860 ettidelis
1249 791 1364 875 nostri,
1375 808 1460 857 auno

331 902 465 972 Domini
479 900 654 968 millesimo
670 899 895 969 ducentesimo
911 899 1159 986 septuagesimo
1175 917 1273 984 nouo,
1284 897 1389 981 Regni
1405 915 1459 963 au·
1549 883 1550 920 ³

330 1017 398 1081 torn
413 1011 519 1080 nostri
534 1030 621 1078 anno
637 1009 785 1096 septimo.

333 1207 458 1282 (Robert
469 1203 582 1278 Ktroly
595 1203 691 1276 kirtly
704 1205 775 1264 1325
788 1202 962 1278 megeriisltli
976 1201 1237 1276 privilegiums'soo'l
1254 1201 1360 1274 melya
1373 1200 1459 1257 budei

545 1297 600 1353 kir.
611 1297 714 1354 ulvari
726 1295 846 1352 kamara
859 1291 1063 1353 levelttrtban
1077 1291 1236 1364 triztetilr.)

329 2324 390 2392 IV.
407 2325 522 2392 Ldozlo
534 2325 643 2412 kirtly
659 2347 697 2390 aa
713 2329 804 2413 atyjo
828 2326 863 2391 V.
881 2327 990 2390 lotario
1005 2324 1088 2390 oleat
1104 2325 1190 2388 1261
1194 2323 1261 2390 -ben
1277 2350 1298 2393 ιι
1318 2327 1452 2406 detentui

330 2435 488 2523 veadtpek
512 2438 630 2500 eiecere
654 2434 778 2501 kiadott
808 2433 1074 2520 kiodltectyleoelet
1098 2432 1200 2497 ozorol
1223 2435 1317 2498 ea6ra
1349 2439 1451 2501 eterno

659 2543 842 2630 meyertetti.
862 2539 935 2608 Kelt
951 2542 1119 2608 law-ten.

432 2735 618 2827 Ladyzlaus
643 2740 707 2808 Dei
733 2740 848 2826 gracia
873 2739 1061 2823 Hungarie‚
1080 2739 1270 2824 Dalmaeie,
1299 2742 1446 2825 Oroaeie,

326 2847 449 2932 Rame,
465 2846 579 2914 Seruio
589 2899 597 2932 ,
615 2848 776 2932 Gallicie,
793 2847 987 2916 Lodomerie
996 2897 1006 2932 ‚
1032 2848 1207 2932 Cumanis,
1233 2848 1451 2935 Bulgarieque

324 2957 396 3023 Rex
412 2955 561 3024 omnibns
579 2953 698 3023 Christi
714 2955 864 3023 fidelibus
875 2961 1063 3041 presentem
1080 2955 1236 3042 paginam
1253 2959 1451 3046 inspecturis

325 3065 466 3132 salutern
492 3064 524 3132 in
551 3063 692 3129 omnium
714 3064 890 3132 salvatore.
908 3063 1201 3132 Ad-uniueisorum
1219 3067 1379 3136 noticiam
1393 3065 1448 3134 ha·

325 3191 397 3242 runi
414 3171 500 3240 serie
515 3172 665 3240 volumus
679 3175 868 3258 peruenire:
886 3173 982 3253 Quod
998 3173 1127 3240 uillious
1145 3181 1178 3242 et
1188 3175 1336 3262 hospites
1349 3175 1449 3246 nostri

324 3280 366 3348 de
382 3283 553 3364 Deeswar,
571 3282 615 3348 ad
630 3289 777 3350 nostram
795 3280 988 3350 accedentes
1004 3284 1211 3369 presenciam
1233 3285 1451 3354 exhibuerunt

322 3389 419 3458 nobis
442 3388 652 3476 priuilegium
678 3390 799 3458 domini
813 3389 986 3476 ¹Stephani
1012 3391 1149 3458 illustris
1161 3392 1262 3475 Regis
1279 3392 1450 3480 Hnngarie

323 3496 429 3566 ielicis
455 3499 698 3566 recordacionis
724 3497 830 3586 patris
856 3500 961 3568 nostri
986 3497 1155 3568 karissimi
1176 3519 1277 3586 super
1293 3501 1449 3572 libertate

321 3607 468 3692 ipsorum
497 3603 700 3694 contectum,
719 3613 751 3674 et
768 3605 955 3694 petiuernnt
970 3659 978 3691 ,
995 3614 1031 3675 ut
1047 3609 1137 3676 idem
1153 3615 1258 3675 ratum
1274 3609 1402 3680 habere
1419 3620 1451 3680 et

321 3724 432 3787 nostro
449 3715 662 3801 dignaremur
671 3716 846 3802 priuilegio
859 3717 1064 3801 confirmare,
1078 3719 1168 3786 enine
1179 3723 1273 3786 tenor
1289 3719 1369 3788 talis
1380 3727 1448 3791 est:

429 3823 615 3912 Stephanus
631 3828 692 3894 Dei
708 3828 823 3913 gracia
839 3827 917 3909 Rex,
935 3826 1172 3912 primogenitus
1189 3825 1331 3896 Illustris
1348 3831 1450 3912 Regis
1549 3841 1550 3844 ’

320 3931 492 4016 Hungttl'ie
507 3938 613 4011 (Leedr
629 3941 726 3998 Istvin
750 3941 844 4014 kirtly
873 3942 1001 3998 lael-ki
1027 3942 1182 4014 olrmlanytt
1208 3940 1451 4015 Okmfinytitrnnlr
1549 3951 1550 3966 *

319 4049 371 4105 111.
387 4048 540 4105 resecem
558 4050 586 4104 5.
603 4049 634 4122 l.)
682 4107 684 4112 ,
1549 4103 1550 4106 ι

426 4151 497 4220 Nes
513 4151 613 4239 igitur
627 4151 827 4240 peticionem
854 4151 1014 4220 dictorum
1030 4148 1195 4238 hospitum
1212 4158 1401 4225 nostrorum
1417 4155 1452 4224 in
1549 4139 1550 4188 3

318 4261 382 4329 hae
397 4265 491 4345 parte
507 4259 626 4328 iustam
643 4279 718 4328 esse
735 4261 957 4342 attendentes,
974 4258 1094 4328 dictum
1110 4260 1320 4346 priuilegium
1339 4265 1449 4348 patris
1549 4263 1550 4338 l

317 4367 421 4436 nostri
446 4373 549 4436 ratum
575 4368 766 4456 habuimus,
794 4374 828 4436 et
843 4369 885 4438 de
900 4369 1005 4436 uerbo
1022 4369 1065 4436 ad
1081 4369 1217 4436 uerbum
1234 4373 1449 4454 presentibus
1549 4347 1550 4380 ¹

317 4477 428 4563 inseri,
445 4474 586 4562 duplicis
602 4478 703 4562 sigilli
719 4478 823 4548 nostri
852 4477 1029 4546 munimine
1045 4475 1182 4544 lecimus
1199 4475 1359 4547 roborari.
1378 4482 1448 4552 Do·

317 4591 385 4654 turn
410 4607 469 4674 per
494 4605 611 4656 manos
639 4587 839 4656 venerabilis
865 4588 928 4654 viri
952 4585 1101 4672 magistri
1126 4587 1268 4674 Nyeolai
1284 4587 1449 4658 Albensie
