3154 5166
331 1142 350 1206 1
359 1139 609 1226 ltMiclcspcpa
619 1135 655 1221 1)
663 1137 855 1202 Bccocnsctdt
865 1133 1012 1222 nostin
1018 1133 1174 1222 pllspdlcdl
1184 1130 1320 1220 apostoli
1328 1131 1457 1195 kdoctitl

331 1248 424 1315 ccidi
440 1243 730 1334 Mcpyororszdpbc
746 1246 777 1308 cs
792 1266 830 1308 αι
845 1241 945 1308 attoz
959 1242 1115 1309 szonwzdd
1130 1240 1335 1328 orschotba.
1353 1238 1454 1304 1290.

436 1463 592 1531 Nicotaus
607 1461 793 1549 Episcopus
809 1479 925 1528 seruus
936 1477 1102 1528 seruorum
1113 1456 1176 1524 Dei
1192 1455 1377 1524 venerabili
1393 1454 1456 1521 irs·

330 1575 374 1641 tri
390 1575 600 1641 Benevenuto
618 1571 784 1657 Episcopo
802 1568 984 1654 Rugubino,
997 1567 1187 1654 Apostolice
1202 1565 1299 1632 Sedis
1311 1567 1455 1648 Legato,

330 1683 471 1752 salutem
496 1687 529 1746 et
554 1679 780 1764 Apostolicsm
806 1676 1081 1771 benedictionem.
1108 1673 1289 1742 Descendit
1311 1673 1354 1738 de
1372 1672 1457 1739 celis

330 1790 422 1857 Deus
438 1807 535 1858 verus
552 1792 685 1872 epatre
701 1786 843 1870 genitus,
859 1791 894 1850 ut
919 1783 1082 1851 hominem
1099 1781 1261 1867 perditum
1278 1780 1321 1847 ad
1338 1783 1457 1866 Regna

330 1897 467 1964 celestia
482 1900 671 1979 revocaret,
688 1893 907 1976 mundumque
932 1892 1122 1974 relinquens
1139 1890 1172 1956 in
1188 1889 1327 1956 celestia
1344 1888 1457 1956 clera-

329 2013 382 2074 tus
398 2025 496 2092 super
514 2003 649 2072 excelsa
665 2005 809 2072 celorum
837 2009 1001 2070 terrenum
1018 2019 1137 2084 corpus
1153 1999 1307 2086 imposuit
1323 1997 1358 2062 in
1372 2016 1454 2081 gre-

329 2115 394 2180 mio
420 2111 696 2196 immortalitatis,
722 2109 852 2178 mortali
876 2115 997 2176 natura
1021 2107 1208 2193 transfusa,
1224 2127 1283 2172 suo
1303 2107 1338 2171 in
1356 2105 1456 2170 terris

328 2220 443 2290 relicto
459 2219 606 2306 vicario,
631 2239 673 2286 ne
687 2217 782 2306 gregi
805 2218 940 2308 proprio
957 2215 1123 2306 redempto
1141 2237 1255 2285 cruore
1271 2213 1456 2300 pastoralis
1532 2211 1542 2238 ⁰

329 2326 428 2397 officii
445 2349 524 2396 cura
540 2329 680 2412 deesset,
698 2326 754 2415 qui
770 2325 804 2392 in
820 2333 946 2412 partem
974 2324 1206 2394 sollicitudinis
1232 2323 1318 2392 alios
1344 2325 1455 2392 advo·
1563 2385 1564 2416 ,

329 2443 419 2506 caret
435 2437 603 2507 ministros
619 2437 663 2504 ad
679 2433 779 2502 officii
796 2435 847 2502 sui
863 2433 1009 2500 debitum
1025 2433 1253 2515 exercendum,
1271 2433 1329 2500 ubi
1344 2431 1454 2516 ipsius
1563 2429 1564 2432 ’

329 2547 509 2632 corporalis
521 2547 672 2615 absentia
682 2543 996 2630 illudpersoncliter
1007 2545 1135 2611 solvere
1145 2541 1343 2630 prohiberet.
1356 2537 1456 2608 Unde
1563 2577 1564 2624 ,

329 2676 400 2724 cum
417 2655 518 2722 simus
534 2655 694 2724 universis
711 2652 837 2720 renatis
862 2653 953 2722 fonte
969 2653 1178 2738 baptismatis
1195 2653 1387 2732 debitores,
1413 2668 1456 2714 ne
1563 2683 1564 2688 =

328 2771 470 2832 remotos
495 2769 608 2829 nostra
634 2763 770 2830 solertia
794 2761 925 2830 curiosa
950 2770 1126 2847 pretereat,
1157 2779 1391 2844 nonnunquam
1408 2757 1455 2825 ad

329 2871 419 2958 ipsos
435 2891 596 2958 personas
621 2870 757 2938 idoneas
782 2870 855 2938 vice
881 2876 994 2940 nostra
1010 2870 1192 2955 dirigimus,
1209 2876 1245 2935 ut
1261 2889 1323 2956 per
1341 2886 1454 2934 earnm

327 2979 437 3048 studia
448 2977 675 3048 sollicitudinis
687 2985 797 3048 nostre
808 2978 973 3060 residuum
989 2979 1208 3065 dispensetur.
1225 2977 1455 3044 Necessitates

327 3088 428 3174 igitur
444 3095 476 3154 ct
491 3107 666 3174 erumpnas
682 3085 878 3174 multiplices
889 3088 994 3171 Regni
1011 3087 1360 3176 UngarieApostolice
1371 3084 1456 3152 Sedi

327 3195 516 3280 frequenter
551 3196 719 3281 expositas
754 3196 968 3280 compassivis
1003 3195 1187 3264 visceribus
1228 3194 1455 3270 attendentes,
1563 3183 1564 3192 ’

328 3305 381 3372 eui
395 3303 567 3389 Principes
582 3303 697 3388 incliti,
713 3313 808 3391 prout
823 3305 924 3372 habet
945 3305 1173 3388 preteritorum
1194 3305 1364 3384 memoria,
1383 3323 1455 3370 non

330 3413 436 3481 solum
453 3414 638 3480 claruerunt
653 3414 757 3483 titulis
773 3415 971 3500 meritorum,
992 3414 1212 3488 verumetiam
1231 3431 1457 3479 coruscavere

330 3522 519 3607 miraculis,
545 3522 588 3589 cd
613 3522 869 3590 subveniendum
896 3543 994 3610 super
1011 3523 1059 3588 eis
1075 3522 1142 3608 ipsi
1158 3525 1273 3606 Regno
1290 3521 1457 3589 remediis

328 3631 496 3718 oportunis
513 3631 732 3715 accendimur,
759 3631 847 3712 quod
872 3651 912 3698 ex
939 3650 977 3696 eo
1004 3631 1204 3716 potissimum
1228 3637 1303 3696 sunt
1321 3637 1457 3715 exorte,

327 3741 423 3832 guia,
441 3738 524 3804 sicut
539 3739 651 3824 sepius
668 3739 833 3806 inculcata
848 3737 911 3805 fidc
928 3737 1030 3822 digna
1045 3739 1160 3806 relatio
1176 3738 1356 3823 publicavit
1366 3788 1375 3821 ,
1397 3759 1457 3804 ca·

327 3849 475 3915 rissimus
500 3847 532 3912 in
559 3846 690 3916 (lhristo
715 3848 801 3915 filius
827 3855 962 3916 noster.
982 3899 990 3914 .
1009 3897 1017 3914 .
1034 3849 1106 3915 Rex
1130 3849 1235 3932 Regni
1251 3847 1372 3934 prelati
1391 3869 1459 3918 sue

327 3957 442 4024 salutis
457 3957 625 4025 immemor
641 3977 681 4024 ac
697 3957 823 4046 proprii
837 3958 997 4044 prodigus
1015 3957 1147 4026 honoris
1164 3963 1197 4024 et
1211 3964 1328 4042 status,
1340 3957 1372 4022 in
1395 3957 1460 4024 de-

325 4065 413 4130 vium
428 4067 541 4148 lapsus
558 4065 686 4144 erroris,
704 4070 737 4130 et
752 4083 773 4129 a
788 4061 852 4132 fide
872 4065 1078 4147 exorbitans,
1092 4065 1311 4150 saturnum,
1329 4065 1457 4134 Sarra-

328 4191 489 4258 cenorum,
500 4173 736 4258 Neugeriorum
752 4178 784 4239 et
800 4193 1003 4260 paganorum
1021 4173 1213 4262 nephandos
1229 4175 1309 4242 ritus
1324 4177 1459 4262 ample

328 4282 443 4365 oritur,
471 4303 542 4349 cum
568 4284 683 4368 quibus
709 4284 742 4350 in
758 4282 965 4371 dispendium
981 4283 1058 4352 fidei
1075 4290 1109 4350 et
1125 4283 1351 4352 exterminium
1367 4285 1462 4355 dicti

326 4391 433 4477 Regni
448 4391 612 4459 horrendo
628 4393 740 4461 sedere
757 4398 808 4460 est
831 4394 1041 4478 coniunctus,
1067 4413 1149 4476 quos
1166 4395 1261 4460 etiarn
1279 4400 1397 4462 contra
1417 4395 1457 4460 fi-

327 4501 419 4568 deles
436 4499 469 4568 in
484 4518 617 4567 numero
634 4501 730 4584 gravi
745 4501 778 4566 in
803 4501 952 4586 Regnum
970 4501 1077 4588 ipsum
1092 4501 1247 4568 inducere
1262 4522 1325 4570 non
1343 4522 1458 4589 cxpa-
1563 4527 1564 4564 r

326 4609 383 4689 vit,
400 4608 500 4676 nobili
518 4610 650 4676 muliere
665 4609 701 4674 E.
720 4609 849 4692 Regina
864 4611 1009 4696 Ungaric
1019 4659 1030 4696 ,
1046 4607 1116 4677 lilia
1130 4611 1220 4678 clare
1237 4615 1394 4680 memorie
1414 4613 1457 4680 G.
