3116 5166
620 317 765 432 ...n⁴

132 517 229 604 ipsins
245 523 331 585 terre
348 503 472 586 audeat
488 520 540 584 vel
557 525 726 604 presumat
742 503 930 602 molestare,
950 505 1048 602 snper
1064 537 1130 602 qua
1147 517 1252 582 eidem

131 625 229 694 eciam
246 635 391 694 nostrum
407 628 615 712 privilegium
638 625 861 708 censeremus,
878 646 948 691 eum
965 631 1136 711 presentes
1154 623 1251 690 nobis

133 733 246 800 suerint
262 742 435 820 reportate.
454 728 575 802 Datum
591 735 682 800 Bnde
698 739 799 802 tercio
817 736 870 802 die
886 733 980 800 Beati
991 733 1158 799 Francisci
1177 753 1253 798 eon·

131 841 262 940 sessoris
278 857 367 908 anno
383 844 517 911 Domini
538 843 632 908 1277.
921 835 926 844 '
1253 834 1256 841 ’

450 1039 601 1111 (Cornides
615 1037 813 1094 kdzirstaibdl.
835 1039 931 1108 Caeci)

576 1849 579 1862 ’
659 1886 718 1952 ss.

125 2089 146 2150 J
152 2087 186 2150 V.
205 2086 320 2149 Ldszto
333 2082 441 2168 kirtly
456 2084 630 2168 meperdsiti
645 2108 665 2146 u
691 2083 932 2147 borsotonostrni
947 2086 1083 2169 apdisdp
1110 2087 1255 2146 eadmero

123 2193 186 2257 11'.
202 2192 286 2256 Belo
316 2191 492 2276 kirdlynolo
523 2189 636 2276 Sydon
669 2191 833 2254 birtokdra
857 2191 1031 2255 ooootkozo
1054 2191 1256 2277 adomdaydt.

644 2299 741 2364 1277.

232 2500 302 2562 Nos
319 2496 565 2562 LadislansDei
582 2497 695 2580 gracia
707 2495 887 2581 Hungarie,
905 2495 1088 2580 Dalmatis,
1106 2497 1255 2579 Orcaoie,

123 2607 249 2690 Rame,
267 2605 383 2673 Seruio
393 2655 403 2689 ,
420 2603 580 2679 Gallicis,
606 2604 820 2688 Lodomerie,
838 2605 1015 2689 domanio,
1032 2605 1255 2689 Bulgarieqnc

122 2717 196 2780 Rex
221 2713 374 2780 omnibus
401 2711 522 2778 Christi
548 2712 700 2778 fidelibus
723 2720 894 2798 presentes
911 2713 1039 2779 litteras
1057 2711 1256 2798 inspecturis

123 2823 269 2890 salntem
286 2821 319 2885 in
336 2819 477 2887 omnium
495 2822 681 2889 saluatore.
711 2823 762 2888 Ad
779 2823 1002 2888 uniuersorum
1021 2823 1174 2889 noticiam
1189 2831 1256 2887 tam

122 2931 331 3014 presencium
348 2948 444 3012 qnam
462 2919 642 2994 futurorum
658 2929 774 2994 harum
791 2931 878 2994 se'rie
903 2930 1083 2995 litterarum
1102 2932 1255 2996 volumus

124 3037 313 3121 peruenire,
332 3037 421 3119 quod
438 3056 508 3101 eum
526 3057 640 3104 versus
657 3045 800 3104 castrum
816 3036 957 3102 filiorum
967 3038 1103 3103 Henrici
1115 3027 1256 3121 'Kdzegh

125 3153 281 3210 vocatum
298 3145 565 3227 accessissemus,
576 3145 687 3210 habito
704 3145 869 3229 colloquio
886 3167 958 3211 cum
975 3145 1150 3230 Rudolpho
1168 3147 1258 3227 Rege

126 3255 371 3337 Romanorum,
388 3260 421 3318 et
437 3258 467 3319 in
485 3251 566 3320 villa
584 3253 714 3318 Kedhel
730 3252 924 3320 descensum
940 3274 1010 3320 cum
1029 3255 1178 3319 exercitu
1203 3273 1259 3318 no-

124 3369 195 3427 stro
214 3361 427 3440 fecissemus,
455 3363 570 3428 Abbas
587 3369 621 3426 et
636 3361 755 3427 fratres
771 3361 921 3429 Ecclesia
937 3363 1042 3426 Beate
1058 3361 1161 3426 Marie
1187 3363 1259 3427 Vir·-

125 3472 215 3554 ginis
233 3461 385 3538 Gloriose
402 3471 443 3537 de
469 3471 579 3537 Monte
606 3471 709 3555 ipsius
726 3471 804 3537 ville
821 3469 964 3554 Kedhel‚
980 3467 1027 3534 ad'
1045 3475 1189 3535 nostram
1206 3488 1258 3532 ac-

127 3577 284 3643 cedentes
311 3578 515 3663 prescnciam
543 3575 759 3664 supplicando
785 3577 979 3658 retulerunt,
1000 3576 1090 3658 quod
1107 3573 1259 3642 dominus

127 3687 281 3754 Andreas
298 3687 367 3751 Rex
384 3681 527 3769 proauus
543 3693 668 3768 noster,
686 3692 718 3750 et
733 3685 885 3752 dominns
902 3683 986 3750 Bela
1001 3683 1074 3748 Rex
1091 3683 1196 3750 felicis
1212 3702 1261 3748 re·

127 3795 350 3875 cordaciouis,
367 3811 448 3859 anns
465 3799 577 3860 noster
594 3792 816 3874 charissimus,
834 3793 996 3876 quandam
1014 3798 1135 3858 terram
1152 3793 1260 3862 Casiri

127 3902 365 3987 Soproniensis
382 3901 497 3987 Sydan
514 3909 666 3968 vocatam
683 3903 833 3969 Ecclesie
850 3901 996 3984 Virginis
1013 3900 1163 3967 Gloriose
1179 3919 1255 3966 cou-

125 4009 302 4089 tuiisseut;
328 4017 577 4095 conquerentes,
596 4010 683 4094 quod
711 4011 947 4077 dimidietatem
972 4013 1078 4096 ipsius
1098 4019 1184 4078 terre
1201 4017 1259 4096 Sy-

126 4117 200 4182 dan
215 4117 360 4184 Comites
385 4117 600 4184 Parochiales
619 4117 660 4184 de
677 4121 839 4204 Sopronio
856 4139 914 4204 pro
930 4127 1078 4204 tempore
1094 4119 1262 4187 constituti

127 4231 245 4304 contra
270 4225 408 4292 formam
433 4225 601 4311 privilegii
628 4229 875 4311 progenitorum
891 4235 1077 4294 nostrorum
1095 4229 1190 4294 nobis
1207 4248 1260 4294 ex·

126 4333 307 4400 hibitomm
322 4335 555 4421 potencialiter
584 4344 778 4421 occupatam
803 4335 1005 4420 tenuissent,
1022 4343 1172 4420 petentes
1189 4355 1261 4401 enm

125 4441 307 4526 instancia,
325 4449 361 4508 ut
377 4443 578 4510 collacieues
593 4445 841 4528 progenitorum
858 4451 1043 4512 nostrorum
1061 4445 1102 4510 ob
1119 4463 1262 4509 amorem

125 4545 246 4613 Diuini
261 4549 410 4616 Nominis
434 4549 540 4616 factas
566 4551 599 4617 in
615 4553 710 4617 totali
726 4559 815 4618 terra
829 4551 943 4638 Sydan
959 4553 1121 4618 ratificcre
1137 4560 1168 4618 et
1184 4553 1263 4636 pri·
1371 4637 1374 4642 Ι

126 4654 293 4742 uilegium
309 4657 491 4725 eorundem
518 4657 774 4744 progenitorum
792 4666 979 4730 nostrornm
997 4671 1109 4729 nostro
1127 4661 1263 4746 dignare
