<?xml version="1.0" encoding="UTF-8"?>
<!DOCTYPE html PUBLIC "-//W3C//DTD XHTML 1.0 Transitional//EN"
    "http://www.w3.org/TR/xhtml1/DTD/xhtml1-transitional.dtd">
<html xmlns="http://www.w3.org/1999/xhtml" xml:lang="en" lang="en">
 <head>
  <title>
</title>
<meta http-equiv="Content-Type" content="text/html;charset=utf-8" />
  <meta name='ocr-system' content='tesseract 3.04.00' />
  <meta name='ocr-capabilities' content='ocr_page ocr_carea ocr_par ocr_line ocrx_word'/>
</head>
<body>
  <div class='ocr_page' id='page_1' title='image "./codexdiplomatic08wenzgoog_0403.png"; bbox 0 0 3154 5166; ppageno 0'>
   <div class='ocr_carea' id='block_1_1' title="bbox 626 307 776 411">
    <p class='ocr_par' dir='ltr' id='par_1_1' title="bbox 626 307 776 411">
     <span class='ocr_line' id='line_1_1' title="bbox 626 307 776 411; baseline 0 -36"><span class='ocrx_word' id='word_1_1' title='bbox 626 307 776 411; x_wconf 50' lang='lat' dir='ltr'>Q</span> 
     </span>
    </p>
   </div>
   <div class='ocr_carea' id='block_1_2' title="bbox 138 508 1261 705">
    <p class='ocr_par' dir='ltr' id='par_1_2' title="bbox 138 508 1261 705">
     <span class='ocr_line' id='line_1_2' title="bbox 139 508 1261 600; baseline 0.001 -23"><span class='ocrx_word' id='word_1_2' title='bbox 139 511 340 578; x_wconf 74' lang='lat' dir='ltr'><strong>attollamus.</strong></span> <span class='ocrx_word' id='word_1_3' title='bbox 357 511 478 578; x_wconf 83' lang='lat' dir='ltr'>Datum</span> <span class='ocrx_word' id='word_1_4' title='bbox 495 513 585 598; x_wconf 84' lang='lat' dir='ltr'>apud</span> <span class='ocrx_word' id='word_1_5' title='bbox 605 509 726 581; x_wconf 80' lang='lat' dir='ltr'><strong>Urbem</strong></span> <span class='ocrx_word' id='word_1_6' title='bbox 743 512 893 578; x_wconf 79' lang='lat' dir='ltr'><strong>Veterem</strong></span> <span class='ocrx_word' id='word_1_7' title='bbox 910 509 952 576; x_wconf 87' lang='lat' dir='ltr'>X.</span> <span class='ocrx_word' id='word_1_8' title='bbox 969 508 1131 580; x_wconf 70' lang='lat' dir='ltr'>kalendas</span> <span class='ocrx_word' id='word_1_9' title='bbox 1155 512 1261 600; x_wconf 82' lang='lat' dir='ltr'>hugn-</span> 
     </span>
     <span class='ocr_line' id='line_1_3' title="bbox 138 617 770 705; baseline 0.003 -21"><span class='ocrx_word' id='word_1_10' title='bbox 138 619 193 705; x_wconf 88' lang='lat' dir='ltr'>sti,</span> <span class='ocrx_word' id='word_1_11' title='bbox 210 617 429 687; x_wconf 83' lang='lat' dir='ltr'>Pontifioatus</span> <span class='ocrx_word' id='word_1_12' title='bbox 444 622 546 688; x_wconf 80' lang='lat' dir='ltr'>nostri</span> <span class='ocrx_word' id='word_1_13' title='bbox 562 640 647 688; x_wconf 82' lang='lat' dir='ltr'>anno</span> <span class='ocrx_word' id='word_1_14' title='bbox 664 620 770 688; x_wconf 88' lang='lat' dir='ltr'>tertio.</span> 
     </span>
    </p>
   </div>
   <div class='ocr_carea' id='block_1_3' title="bbox 209 814 1187 892">
    <p class='ocr_par' dir='ltr' id='par_1_3' title="bbox 209 814 1187 892">
     <span class='ocr_line' id='line_1_4' title="bbox 209 814 1187 892; baseline 0.003 -20"><span class='ocrx_word' id='word_1_15' title='bbox 209 815 273 882; x_wconf 89' lang='lat' dir='ltr'>(IV.</span> <span class='ocrx_word' id='word_1_16' title='bbox 287 816 395 874; x_wconf 86' lang='lat' dir='ltr'>Miklds</span> <span class='ocrx_word' id='word_1_17' title='bbox 408 815 486 890; x_wconf 79' lang='lat' dir='ltr'>ptpu</span> <span class='ocrx_word' id='word_1_18' title='bbox 498 814 696 890; x_wconf 72' lang='lat' dir='ltr'>Begestdibbh</span> <span class='ocrx_word' id='word_1_19' title='bbox 710 816 887 876; x_wconf 78' lang='lat' dir='ltr'>Theinorndl</span> <span class='ocrx_word' id='word_1_20' title='bbox 901 819 938 876; x_wconf 88' lang='lat' dir='ltr'>id.</span> <span class='ocrx_word' id='word_1_21' title='bbox 951 837 987 876; x_wconf 90' lang='lat' dir='ltr'>m.</span> <span class='ocrx_word' id='word_1_22' title='bbox 1001 821 1023 878; x_wconf 91' lang='lat'>1.</span> <span class='ocrx_word' id='word_1_23' title='bbox 1038 821 1066 876; x_wconf 81' lang='lat' dir='ltr'>k.</span> <span class='ocrx_word' id='word_1_24' title='bbox 1081 817 1142 876; x_wconf 83' lang='grc'><strong>365.</strong></span> <span class='ocrx_word' id='word_1_25' title='bbox 1155 818 1187 892; x_wconf 92' lang='lat' dir='ltr'>l.)</span> 
     </span>
    </p>
   </div>
   <div class='ocr_carea' id='block_1_4' title="bbox 578 1107 828 1122">
    <p class='ocr_par' dir='ltr' id='par_1_4' title="bbox 578 1107 828 1122">
     <span class='ocr_line' id='line_1_5' title="bbox 578 1107 828 1122; baseline 0.012 -3"><span class='ocrx_word' id='word_1_26' title='bbox 578 1107 828 1122; x_wconf 54' lang='lat' dir='ltr'>m</span> 
     </span>
    </p>
   </div>
   <div class='ocr_carea' id='block_1_5' title="bbox 658 1650 740 1716">
    <p class='ocr_par' dir='ltr' id='par_1_5' title="bbox 658 1650 740 1716">
     <span class='ocr_line' id='line_1_6' title="bbox 658 1650 740 1716; baseline 0 -1"><span class='ocrx_word' id='word_1_27' title='bbox 658 1650 740 1716; x_wconf 75' lang='lat'><strong>239.</strong></span> 
     </span>
    </p>
   </div>
   <div class='ocr_carea' id='block_1_6' title="bbox 130 1847 1255 1935">
    <p class='ocr_par' dir='ltr' id='par_1_6' title="bbox 130 1847 1255 1935">
     <span class='ocr_line' id='line_1_7' title="bbox 130 1847 1255 1935; baseline 0.003 -23"><span class='ocrx_word' id='word_1_28' title='bbox 130 1847 189 1934; x_wconf 84' lang='lat'>15)</span> <span class='ocrx_word' id='word_1_29' title='bbox 202 1851 221 1912; x_wconf 88' lang='lat' dir='ltr'><em>I</em></span> <span class='ocrx_word' id='word_1_30' title='bbox 227 1848 261 1914; x_wconf 83' lang='lat' dir='ltr'>V.</span> <span class='ocrx_word' id='word_1_31' title='bbox 274 1847 392 1912; x_wconf 66' lang='lat' dir='ltr'>prietes</span> <span class='ocrx_word' id='word_1_32' title='bbox 399 1851 487 1934; x_wconf 75' lang='lat' dir='ltr'>pcipe</span> <span class='ocrx_word' id='word_1_33' title='bbox 502 1869 686 1934; x_wconf 77' lang='lat' dir='ltr'>rrpyouuzon</span> <span class='ocrx_word' id='word_1_34' title='bbox 704 1847 856 1934; x_wconf 73' lang='lat' dir='ltr'>tcirpybun</span> <span class='ocrx_word' id='word_1_35' title='bbox 869 1871 905 1912; x_wconf 72' lang='lat' dir='ltr'>os</span> <span class='ocrx_word' id='word_1_36' title='bbox 917 1852 1061 1915; x_wconf 56' lang='lat' dir='ltr'>arnestat</span> <span class='ocrx_word' id='word_1_37' title='bbox 1076 1849 1255 1935; x_wconf 78' lang='lat' dir='ltr'>prdfokhoz.</span> 
     </span>
    </p>
   </div>
   <div class='ocr_carea' id='block_1_7' title="bbox 118 2045 1319 4734">
    <p class='ocr_par' dir='ltr' id='par_1_7' title="bbox 118 2045 1319 4734">
     <span class='ocr_line' id='line_1_8' title="bbox 173 2045 1256 2133; baseline 0.001 -20"><span class='ocrx_word' id='word_1_38' title='bbox 173 2045 332 2113; x_wconf 79' lang='lat' dir='ltr'>Nicotaus</span> <span class='ocrx_word' id='word_1_39' title='bbox 343 2047 523 2133; x_wconf 82' lang='lat' dir='ltr'>Episcopus</span> <span class='ocrx_word' id='word_1_40' title='bbox 533 2065 646 2113; x_wconf 87' lang='lat' dir='ltr'>seruus</span> <span class='ocrx_word' id='word_1_41' title='bbox 658 2047 897 2114; x_wconf 85' lang='lat' dir='ltr'>seruorumDei</span> <span class='ocrx_word' id='word_1_42' title='bbox 909 2049 1073 2116; x_wconf 84' lang='lat' dir='ltr'>nobilibus</span> <span class='ocrx_word' id='word_1_43' title='bbox 1083 2049 1162 2116; x_wconf 89' lang='lat' dir='ltr'>viris</span> <span class='ocrx_word' id='word_1_44' title='bbox 1173 2049 1256 2114; x_wconf 80' lang='lat' dir='ltr'>Pan-</span> 
     </span>
     <span class='ocr_line' id='line_1_9' title="bbox 125 2153 1255 2240; baseline 0.001 -20"><span class='ocrx_word' id='word_1_45' title='bbox 125 2153 418 2240; x_wconf 82' lang='lat' dir='ltr'>loBano‚Georgio</span> <span class='ocrx_word' id='word_1_46' title='bbox 430 2163 461 2222; x_wconf 92' lang='lat' dir='ltr'>et</span> <span class='ocrx_word' id='word_1_47' title='bbox 476 2156 634 2224; x_wconf 82' lang='lat' dir='ltr'>Maderno</span> <span class='ocrx_word' id='word_1_48' title='bbox 645 2154 810 2240; x_wconf 83' lang='lat' dir='ltr'>fratribus,</span> <span class='ocrx_word' id='word_1_49' title='bbox 827 2155 1009 2224; x_wconf 63' lang='lat' dir='ltr'>(homitibus</span> <span class='ocrx_word' id='word_1_50' title='bbox 1020 2157 1157 2226; x_wconf 85' lang='lat' dir='ltr'>Aimesii</span> <span class='ocrx_word' id='word_1_51' title='bbox 1168 2155 1255 2224; x_wconf 83' lang='lat' dir='ltr'>salu-</span> 
     </span>
     <span class='ocr_line' id='line_1_10' title="bbox 127 2262 1255 2350; baseline 0.003 -23"><span class='ocrx_word' id='word_1_52' title='bbox 127 2271 195 2330; x_wconf 91' lang='lat' dir='ltr'>tem</span> <span class='ocrx_word' id='word_1_53' title='bbox 203 2262 467 2350; x_wconf 84' lang='lat' dir='ltr'>etApostolioam</span> <span class='ocrx_word' id='word_1_54' title='bbox 479 2263 751 2331; x_wconf 75' lang='lat' dir='ltr'>benedictionem.</span> <span class='ocrx_word' id='word_1_55' title='bbox 760 2265 939 2350; x_wconf 85' lang='lat' dir='ltr'>Speremus</span> <span class='ocrx_word' id='word_1_56' title='bbox 952 2266 1186 2350; x_wconf 86' lang='lat' dir='ltr'>firmiter‚quod</span> <span class='ocrx_word' id='word_1_57' title='bbox 1197 2283 1255 2330; x_wconf 89' lang='lat' dir='ltr'>vos</span> 
     </span>
     <span class='ocr_line' id='line_1_11' title="bbox 125 2370 1255 2454; baseline 0.002 -18"><span class='ocrx_word' id='word_1_58' title='bbox 125 2380 283 2454; x_wconf 83' lang='lat' dir='ltr'>tanquam</span> <span class='ocrx_word' id='word_1_59' title='bbox 294 2370 406 2437; x_wconf 88' lang='lat' dir='ltr'>fidelos</span> <span class='ocrx_word' id='word_1_60' title='bbox 417 2373 477 2439; x_wconf 85' lang='lat' dir='ltr'>diii</span> <span class='ocrx_word' id='word_1_61' title='bbox 488 2381 520 2439; x_wconf 90' lang='lat' dir='ltr'>et</span> <span class='ocrx_word' id='word_1_62' title='bbox 532 2372 643 2441; x_wconf 89' lang='lat' dir='ltr'>devoti</span> <span class='ocrx_word' id='word_1_63' title='bbox 653 2383 780 2442; x_wconf 85' lang='lat' dir='ltr'>mentes</span> <span class='ocrx_word' id='word_1_64' title='bbox 790 2381 918 2442; x_wconf 86' lang='lat' dir='ltr'>vestras</span> <span class='ocrx_word' id='word_1_65' title='bbox 929 2377 974 2442; x_wconf 86' lang='lat' dir='ltr'>ad</span> <span class='ocrx_word' id='word_1_66' title='bbox 984 2371 1255 2440; x_wconf 81' lang='lat' dir='ltr'>celestiadeside-</span> 
     </span>
     <span class='ocr_line' id='line_1_12' title="bbox 127 2479 1254 2569; baseline 0.002 -24"><span class='ocrx_word' id='word_1_67' title='bbox 127 2480 180 2545; x_wconf 85' lang='lat' dir='ltr'>ria</span> <span class='ocrx_word' id='word_1_68' title='bbox 191 2479 383 2565; x_wconf 85' lang='lat' dir='ltr'>dirigentes,</span> <span class='ocrx_word' id='word_1_69' title='bbox 402 2479 488 2548; x_wconf 87' lang='lat' dir='ltr'>eirea</span> <span class='ocrx_word' id='word_1_70' title='bbox 505 2482 563 2548; x_wconf 84' lang='lat' dir='ltr'>ille</span> <span class='ocrx_word' id='word_1_71' title='bbox 580 2501 638 2548; x_wconf 88' lang='lat' dir='ltr'>ros</span> <span class='ocrx_word' id='word_1_72' title='bbox 648 2489 817 2569; x_wconf 90' lang='lat' dir='ltr'>promptos</span> <span class='ocrx_word' id='word_1_73' title='bbox 834 2491 868 2550; x_wconf 88' lang='lat' dir='ltr'>ot</span> <span class='ocrx_word' id='word_1_74' title='bbox 884 2487 1020 2567; x_wconf 78' lang='lat' dir='ltr'>perator</span> <span class='ocrx_word' id='word_1_75' title='bbox 1036 2479 1191 2548; x_wconf 81' lang='lat' dir='ltr'>exhibere</span> <span class='ocrx_word' id='word_1_76' title='bbox 1202 2501 1254 2546; x_wconf 92' lang='lat' dir='ltr'>ou·</span> 
     </span>
     <span class='ocr_line' id='line_1_13' title="bbox 126 2588 1319 2677; baseline 0 -23"><span class='ocrx_word' id='word_1_77' title='bbox 126 2588 218 2674; x_wconf 85' lang='lat' dir='ltr'>retis,</span> <span class='ocrx_word' id='word_1_78' title='bbox 230 2607 293 2670; x_wconf 93' lang='lat' dir='ltr'>que</span> <span class='ocrx_word' id='word_1_79' title='bbox 309 2589 676 2676; x_wconf 83' lang='lat' dir='ltr'>supernosintaeoepta</span> <span class='ocrx_word' id='word_1_80' title='bbox 687 2591 886 2677; x_wconf 80' lang='lat' dir='ltr'>conspectui,</span> <span class='ocrx_word' id='word_1_81' title='bbox 898 2591 1014 2658; x_wconf 81' lang='lat' dir='ltr'>salutis</span> <span class='ocrx_word' id='word_1_82' title='bbox 1032 2595 1139 2655; x_wconf 81' lang='lat' dir='ltr'>vestre</span> <span class='ocrx_word' id='word_1_83' title='bbox 1150 2589 1255 2671; x_wconf 86' lang='lat' dir='ltr'>prote·</span> <span class='ocrx_word' id='word_1_84' title='bbox 1316 2649 1319 2654; x_wconf 80' lang='grc'>,</span> 
     </span>
     <span class='ocr_line' id='line_1_14' title="bbox 125 2697 1253 2783; baseline 0.001 -22"><span class='ocrx_word' id='word_1_85' title='bbox 125 2697 412 2782; x_wconf 86' lang='lat' dir='ltr'>etumrespieiant,</span> <span class='ocrx_word' id='word_1_86' title='bbox 425 2706 642 2783; x_wconf 87' lang='lat' dir='ltr'>etproourent</span> <span class='ocrx_word' id='word_1_87' title='bbox 657 2697 733 2765; x_wconf 89' lang='lat' dir='ltr'>ddei</span> <span class='ocrx_word' id='word_1_88' title='bbox 750 2698 933 2765; x_wconf 79' lang='lat' dir='ltr'>Christiane</span> <span class='ocrx_word' id='word_1_89' title='bbox 952 2697 1136 2764; x_wconf 83' lang='lat' dir='ltr'>continuum</span> <span class='ocrx_word' id='word_1_90' title='bbox 1153 2699 1253 2764; x_wconf 90' lang='lat' dir='ltr'>inore-</span> 
     </span>
     <span class='ocr_line' id='line_1_15' title="bbox 124 2807 1254 2892; baseline 0.002 -22"><span class='ocrx_word' id='word_1_91' title='bbox 124 2807 1254 2892; x_wconf 82' lang='lat' dir='ltr'>mentum.Suneadaudientiomvestromoredimuspervenisse,quam</span> 
     </span>
     <span class='ocr_line' id='line_1_16' title="bbox 124 2913 1253 2998; baseline 0 -22"><span class='ocrx_word' id='word_1_92' title='bbox 124 2914 428 2995; x_wconf 86' lang='lat' dir='ltr'>reprehensibiiiler</span> <span class='ocrx_word' id='word_1_93' title='bbox 439 2915 599 2984; x_wconf 86' lang='lat' dir='ltr'>haetenus</span> <span class='ocrx_word' id='word_1_94' title='bbox 611 2934 771 2998; x_wconf 84' lang='lat' dir='ltr'>quemque</span> <span class='ocrx_word' id='word_1_95' title='bbox 787 2915 965 2992; x_wconf 81' lang='lat' dir='ltr'>inhoneste,</span> <span class='ocrx_word' id='word_1_96' title='bbox 977 2916 1119 2998; x_wconf 88' lang='lat' dir='ltr'>quinimo</span> <span class='ocrx_word' id='word_1_97' title='bbox 1130 2913 1253 2998; x_wconf 88' lang='lat' dir='ltr'>perieu-</span> 
     </span>
     <span class='ocr_line' id='line_1_17' title="bbox 122 3021 1253 3108; baseline 0.005 -24"><span class='ocrx_word' id='word_1_98' title='bbox 122 3021 195 3088; x_wconf 88' lang='lat' dir='ltr'>lose</span> <span class='ocrx_word' id='word_1_99' title='bbox 209 3039 246 3088; x_wconf 89' lang='lat' dir='ltr'>se</span> <span class='ocrx_word' id='word_1_100' title='bbox 257 3023 398 3106; x_wconf 84' lang='lat' dir='ltr'>gesserit</span> <span class='ocrx_word' id='word_1_101' title='bbox 413 3071 458 3088; x_wconf 87' lang='lat'>...</span> <span class='ocrx_word' id='word_1_102' title='bbox 471 3022 615 3108; x_wconf 84' lang='lat' dir='ltr'>Ungarie</span> <span class='ocrx_word' id='word_1_103' title='bbox 627 3025 705 3107; x_wconf 38' lang='lat' dir='ltr'>Rex!</span> <span class='ocrx_word' id='word_1_104' title='bbox 718 3025 773 3106; x_wconf 92' lang='lat' dir='ltr'>qui</span> <span class='ocrx_word' id='word_1_105' title='bbox 784 3024 919 3090; x_wconf 82' lang='lat' dir='ltr'>resonis</span> <span class='ocrx_word' id='word_1_106' title='bbox 932 3022 1096 3092; x_wconf 81' lang='lat' dir='ltr'>adherens</span> <span class='ocrx_word' id='word_1_107' title='bbox 1108 3021 1253 3090; x_wconf 83' lang='lat' dir='ltr'>consiliis</span> 
     </span>
     <span class='ocr_line' id='line_1_18' title="bbox 124 3129 1251 3216; baseline 0.004 -23"><span class='ocrx_word' id='word_1_108' title='bbox 124 3135 160 3194; x_wconf 91' lang='lat' dir='ltr'>et</span> <span class='ocrx_word' id='word_1_109' title='bbox 176 3151 197 3196; x_wconf 86' lang='lat' dir='ltr'>a</span> <span class='ocrx_word' id='word_1_110' title='bbox 213 3129 268 3196; x_wconf 86' lang='lat' dir='ltr'>ria</span> <span class='ocrx_word' id='word_1_111' title='bbox 283 3131 433 3198; x_wconf 80' lang='lat' dir='ltr'>veritatis</span> <span class='ocrx_word' id='word_1_112' title='bbox 450 3133 652 3215; x_wconf 82' lang='lat' dir='ltr'>exorbitans,</span> <span class='ocrx_word' id='word_1_113' title='bbox 670 3130 860 3199; x_wconf 80' lang='lat' dir='ltr'>Christiana</span> <span class='ocrx_word' id='word_1_114' title='bbox 878 3133 1035 3216; x_wconf 84' lang='lat' dir='ltr'>religione</span> <span class='ocrx_word' id='word_1_115' title='bbox 1052 3131 1251 3216; x_wconf 85' lang='lat' dir='ltr'>postposita,</span> 
     </span>
     <span class='ocr_line' id='line_1_19' title="bbox 124 3236 1251 3325; baseline 0.002 -21"><span class='ocrx_word' id='word_1_116' title='bbox 124 3257 163 3304; x_wconf 87' lang='lat' dir='ltr'>se</span> <span class='ocrx_word' id='word_1_117' title='bbox 180 3255 252 3302; x_wconf 91' lang='lat' dir='ltr'>oum</span> <span class='ocrx_word' id='word_1_118' title='bbox 268 3236 426 3321; x_wconf 80' lang='lat' dir='ltr'>Tartaris,</span> <span class='ocrx_word' id='word_1_119' title='bbox 445 3239 650 3322; x_wconf 73' lang='lat' dir='ltr'>SarraceniS,</span> <span class='ocrx_word' id='word_1_120' title='bbox 667 3241 853 3324; x_wconf 83' lang='lat' dir='ltr'>Neogeri1s‚</span> <span class='ocrx_word' id='word_1_121' title='bbox 871 3247 903 3304; x_wconf 85' lang='lat' dir='ltr'>et</span> <span class='ocrx_word' id='word_1_122' title='bbox 919 3240 1059 3325; x_wconf 84' lang='lat' dir='ltr'>paganis</span> <span class='ocrx_word' id='word_1_123' title='bbox 1072 3240 1251 3322; x_wconf 86' lang='lat' dir='ltr'>dampnate</span> 
     </span>
     <span class='ocr_line' id='line_1_20' title="bbox 126 3346 1251 3433; baseline 0.004 -23"><span class='ocrx_word' id='word_1_124' title='bbox 126 3346 388 3413; x_wconf 79' lang='lat' dir='ltr'>conversationis</span> <span class='ocrx_word' id='word_1_125' title='bbox 405 3348 547 3414; x_wconf 83' lang='lat' dir='ltr'>eudonio</span> <span class='ocrx_word' id='word_1_126' title='bbox 563 3347 657 3415; x_wconf 86' lang='lat' dir='ltr'>fedus</span> <span class='ocrx_word' id='word_1_127' title='bbox 684 3349 842 3414; x_wconf 85' lang='lat' dir='ltr'>asseritur</span> <span class='ocrx_word' id='word_1_128' title='bbox 867 3351 1089 3430; x_wconf 78' lang='lat' dir='ltr'>contraxisse3</span> <span class='ocrx_word' id='word_1_129' title='bbox 1117 3355 1251 3433; x_wconf 88' lang='lat' dir='ltr'>sumpte</span> 
     </span>
     <span class='ocr_line' id='line_1_21' title="bbox 124 3455 1245 3542; baseline 0.001 -23"><span class='ocrx_word' id='word_1_130' title='bbox 124 3471 243 3522; x_wconf 86' lang='lat' dir='ltr'>norme</span> <span class='ocrx_word' id='word_1_131' title='bbox 267 3455 426 3538; x_wconf 78' lang='lat' dir='ltr'>nephar-ia</span> <span class='ocrx_word' id='word_1_132' title='bbox 451 3455 642 3542; x_wconf 84' lang='lat' dir='ltr'>speeieliter</span> <span class='ocrx_word' id='word_1_133' title='bbox 668 3457 800 3524; x_wconf 87' lang='lat' dir='ltr'>vivendi</span> <span class='ocrx_word' id='word_1_134' title='bbox 817 3476 888 3522; x_wconf 90' lang='lat' dir='ltr'>eum</span> <span class='ocrx_word' id='word_1_135' title='bbox 907 3458 1081 3541; x_wconf 84' lang='lat' dir='ltr'>Neugeriis</span> <span class='ocrx_word' id='word_1_136' title='bbox 1097 3455 1245 3542; x_wconf 85' lang='lat' dir='ltr'>supradi-</span> 
     </span>
     <span class='ocr_line' id='line_1_22' title="bbox 124 3561 1248 3650; baseline 0.004 -24"><span class='ocrx_word' id='word_1_137' title='bbox 124 3561 198 3646; x_wconf 88' lang='lat' dir='ltr'>etis,</span> <span class='ocrx_word' id='word_1_138' title='bbox 216 3583 255 3630; x_wconf 82' lang='lat' dir='ltr'>ae</span> <span class='ocrx_word' id='word_1_139' title='bbox 272 3565 410 3647; x_wconf 76' lang='lat' dir='ltr'>turpiter</span> <span class='ocrx_word' id='word_1_140' title='bbox 432 3572 466 3632; x_wconf 90' lang='lat' dir='ltr'>et</span> <span class='ocrx_word' id='word_1_141' title='bbox 480 3563 683 3648; x_wconf 88' lang='lat' dir='ltr'>impudenter</span> <span class='ocrx_word' id='word_1_142' title='bbox 706 3564 838 3631; x_wconf 82' lang='lat' dir='ltr'>obieeta</span> <span class='ocrx_word' id='word_1_143' title='bbox 854 3567 991 3648; x_wconf 87' lang='lat' dir='ltr'>ooniuge</span> <span class='ocrx_word' id='word_1_144' title='bbox 1008 3565 1141 3650; x_wconf 84' lang='lat' dir='ltr'>propriu</span> <span class='ocrx_word' id='word_1_145' title='bbox 1151 3616 1160 3650; x_wconf 90' lang='lat'><strong><em>,</em></strong></span> <span class='ocrx_word' id='word_1_146' title='bbox 1190 3565 1248 3630; x_wconf 84' lang='lat' dir='ltr'>Re·</span> 
     </span>
     <span class='ocr_line' id='line_1_23' title="bbox 121 3667 1248 3755; baseline -0.001 -19"><span class='ocrx_word' id='word_1_147' title='bbox 121 3667 256 3754; x_wconf 80' lang='lat' dir='ltr'>galibus</span> <span class='ocrx_word' id='word_1_148' title='bbox 282 3671 393 3755; x_wconf 90' lang='lat' dir='ltr'>utique</span> <span class='ocrx_word' id='word_1_149' title='bbox 419 3680 492 3739; x_wconf 84' lang='lat' dir='ltr'>orta</span> <span class='ocrx_word' id='word_1_150' title='bbox 518 3673 682 3740; x_wconf 81' lang='lat' dir='ltr'>natalibus</span> <span class='ocrx_word' id='word_1_151' title='bbox 711 3679 742 3738; x_wconf 91' lang='lat' dir='ltr'>et</span> <span class='ocrx_word' id='word_1_152' title='bbox 768 3671 906 3740; x_wconf 87' lang='lat' dir='ltr'>honeste</span> <span class='ocrx_word' id='word_1_153' title='bbox 934 3672 1192 3740; x_wconf 79' lang='lat' dir='ltr'>conversationis</span> <span class='ocrx_word' id='word_1_154' title='bbox 1209 3689 1248 3736; x_wconf 85' lang='lat' dir='ltr'>ae</span> 
     </span>
     <span class='ocr_line' id='line_1_24' title="bbox 122 3776 1248 3864; baseline 0.003 -23"><span class='ocrx_word' id='word_1_155' title='bbox 122 3776 193 3843; x_wconf 88' lang='lat' dir='ltr'>vite</span> <span class='ocrx_word' id='word_1_156' title='bbox 211 3779 313 3844; x_wconf 89' lang='lat' dir='ltr'>titulis</span> <span class='ocrx_word' id='word_1_157' title='bbox 330 3780 508 3864; x_wconf 83' lang='lat' dir='ltr'>insignite,</span> <span class='ocrx_word' id='word_1_158' title='bbox 535 3781 690 3848; x_wconf 87' lang='lat' dir='ltr'>videlieet</span> <span class='ocrx_word' id='word_1_159' title='bbox 716 3781 891 3847; x_wconf 82' lang='lat' dir='ltr'>carissima</span> <span class='ocrx_word' id='word_1_160' title='bbox 911 3781 944 3845; x_wconf 91' lang='lat' dir='ltr'>in</span> <span class='ocrx_word' id='word_1_161' title='bbox 962 3779 1092 3847; x_wconf 80' lang='lat' dir='ltr'>Christo</span> <span class='ocrx_word' id='word_1_162' title='bbox 1109 3778 1176 3844; x_wconf 84' lang='lat' dir='ltr'>filia</span> <span class='ocrx_word' id='word_1_163' title='bbox 1191 3800 1248 3844; x_wconf 94' lang='lat' dir='ltr'>no-</span> 
     </span>
     <span class='ocr_line' id='line_1_25' title="bbox 121 3887 1246 3974; baseline -0.004 -17"><span class='ocrx_word' id='word_1_164' title='bbox 121 3897 195 3958; x_wconf 85' lang='lat' dir='ltr'>stra</span> <span class='ocrx_word' id='word_1_165' title='bbox 220 3887 257 3952; x_wconf 76' lang='lat' dir='ltr'>lt.</span> <span class='ocrx_word' id='word_1_166' title='bbox 283 3887 409 3953; x_wconf 81' lang='lat' dir='ltr'>illustri</span> <span class='ocrx_word' id='word_1_167' title='bbox 435 3891 562 3974; x_wconf 82' lang='lat' dir='ltr'>Regina</span> <span class='ocrx_word' id='word_1_168' title='bbox 587 3890 752 3973; x_wconf 84' lang='lat' dir='ltr'>Ungarie,</span> <span class='ocrx_word' id='word_1_169' title='bbox 781 3890 957 3958; x_wconf 83' lang='lat' dir='ltr'>crudeliter</span> <span class='ocrx_word' id='word_1_170' title='bbox 984 3889 1117 3955; x_wconf 89' lang='lat' dir='ltr'>seriens</span> <span class='ocrx_word' id='word_1_171' title='bbox 1142 3887 1177 3954; x_wconf 91' lang='lat' dir='ltr'>in</span> <span class='ocrx_word' id='word_1_172' title='bbox 1210 3907 1246 3952; x_wconf 90' lang='lat' dir='ltr'>se</span> 
     </span>
     <span class='ocr_line' id='line_1_26' title="bbox 120 3993 1247 4084; baseline -0.004 -20"><span class='ocrx_word' id='word_1_173' title='bbox 120 4001 228 4082; x_wconf 87' lang='lat' dir='ltr'>ipsum</span> <span class='ocrx_word' id='word_1_174' title='bbox 248 4004 280 4061; x_wconf 86' lang='lat' dir='ltr'>ot</span> <span class='ocrx_word' id='word_1_175' title='bbox 297 3995 426 4064; x_wconf 89' lang='lat' dir='ltr'>domum</span> <span class='ocrx_word' id='word_1_176' title='bbox 444 3997 588 4082; x_wconf 82' lang='lat' dir='ltr'>Ungurie</span> <span class='ocrx_word' id='word_1_177' title='bbox 606 3999 762 4084; x_wconf 85' lang='lat' dir='ltr'>inolitam,</span> <span class='ocrx_word' id='word_1_178' title='bbox 777 3999 921 4084; x_wconf 83' lang='lat' dir='ltr'>Regibus</span> <span class='ocrx_word' id='word_1_179' title='bbox 938 3999 1060 4084; x_wconf 88' lang='lat' dir='ltr'>pollere</span> <span class='ocrx_word' id='word_1_180' title='bbox 1077 3993 1247 4062; x_wconf 81' lang='lat' dir='ltr'>catholicis</span> 
     </span>
     <span class='ocr_line' id='line_1_27' title="bbox 123 4102 1246 4192; baseline 0 -21"><span class='ocrx_word' id='word_1_181' title='bbox 123 4111 331 4189; x_wconf 73' lang='lat' dir='ltr'>emmeram,</span> <span class='ocrx_word' id='word_1_182' title='bbox 342 4103 470 4172; x_wconf 88' lang='lat' dir='ltr'>thorum</span> <span class='ocrx_word' id='word_1_183' title='bbox 481 4109 596 4176; x_wconf 82' lang='lat' dir='ltr'>federe</span> <span class='ocrx_word' id='word_1_184' title='bbox 611 4128 674 4174; x_wconf 94' lang='lat' dir='ltr'>non</span> <span class='ocrx_word' id='word_1_185' title='bbox 692 4109 806 4174; x_wconf 89' lang='lat' dir='ltr'>metuit</span> <span class='ocrx_word' id='word_1_186' title='bbox 817 4108 1021 4192; x_wconf 80' lang='lat' dir='ltr'>coniugalem</span> <span class='ocrx_word' id='word_1_187' title='bbox 1040 4108 1073 4170; x_wconf 92' lang='lat' dir='ltr'>in</span> <span class='ocrx_word' id='word_1_188' title='bbox 1089 4102 1246 4190; x_wconf 86' lang='lat' dir='ltr'>grandem</span> 
     </span>
     <span class='ocr_line' id='line_1_28' title="bbox 123 4213 1245 4301; baseline -0.002 -20"><span class='ocrx_word' id='word_1_189' title='bbox 123 4232 267 4299; x_wconf 87' lang='lat' dir='ltr'>superne</span> <span class='ocrx_word' id='word_1_190' title='bbox 282 4213 468 4282; x_wconf 82' lang='lat' dir='ltr'>Maiestatis</span> <span class='ocrx_word' id='word_1_191' title='bbox 494 4215 670 4298; x_wconf 84' lang='lat' dir='ltr'>offensam,</span> <span class='ocrx_word' id='word_1_192' title='bbox 696 4237 798 4301; x_wconf 81' lang='lat' dir='ltr'>grove</span> <span class='ocrx_word' id='word_1_193' title='bbox 825 4235 884 4283; x_wconf 89' lang='lat' dir='ltr'>sue</span> <span class='ocrx_word' id='word_1_194' title='bbox 905 4215 1023 4282; x_wconf 83' lang='lat' dir='ltr'>solutis</span> <span class='ocrx_word' id='word_1_195' title='bbox 1040 4213 1245 4299; x_wconf 89' lang='lat' dir='ltr'>dispendium</span> 
     </span>
     <span class='ocr_line' id='line_1_29' title="bbox 120 4321 1247 4410; baseline -0.003 -19"><span class='ocrx_word' id='word_1_196' title='bbox 120 4333 155 4392; x_wconf 86' lang='lat' dir='ltr'>et</span> <span class='ocrx_word' id='word_1_197' title='bbox 180 4321 377 4390; x_wconf 79' lang='lat' dir='ltr'>renudatum</span> <span class='ocrx_word' id='word_1_198' title='bbox 401 4323 543 4392; x_wconf 88' lang='lat' dir='ltr'>fidelium</span> <span class='ocrx_word' id='word_1_199' title='bbox 571 4325 791 4410; x_wconf 90' lang='lat' dir='ltr'>plurimorum.</span> <span class='ocrx_word' id='word_1_200' title='bbox 818 4325 887 4392; x_wconf 84' lang='lat' dir='ltr'>Nos</span> <span class='ocrx_word' id='word_1_201' title='bbox 905 4329 1013 4392; x_wconf 87' lang='lat' dir='ltr'>autem</span> <span class='ocrx_word' id='word_1_202' title='bbox 1030 4323 1247 4406; x_wconf 82' lang='lat' dir='ltr'>equanimiter</span> 
     </span>
     <span class='ocr_line' id='line_1_30' title="bbox 122 4431 1244 4519; baseline -0.004 -19"><span class='ocrx_word' id='word_1_203' title='bbox 122 4434 212 4500; x_wconf 85' lang='lat' dir='ltr'>ferre</span> <span class='ocrx_word' id='word_1_204' title='bbox 227 4431 311 4498; x_wconf 83' lang='lat' dir='ltr'>tolie</span> <span class='ocrx_word' id='word_1_205' title='bbox 326 4437 441 4498; x_wconf 85' lang='lat' dir='ltr'>ettam</span> <span class='ocrx_word' id='word_1_206' title='bbox 457 4435 571 4516; x_wconf 79' lang='lat' dir='ltr'>grevia</span> <span class='ocrx_word' id='word_1_207' title='bbox 595 4453 660 4500; x_wconf 91' lang='lat' dir='ltr'>non</span> <span class='ocrx_word' id='word_1_208' title='bbox 676 4435 836 4519; x_wconf 80' lang='lat' dir='ltr'>valentes,</span> <span class='ocrx_word' id='word_1_209' title='bbox 854 4439 886 4499; x_wconf 87' lang='lat' dir='ltr'>et</span> <span class='ocrx_word' id='word_1_210' title='bbox 904 4433 1069 4519; x_wconf 82' lang='lat' dir='ltr'>cupientes</span> <span class='ocrx_word' id='word_1_211' title='bbox 1086 4453 1144 4518; x_wconf 90' lang='lat' dir='ltr'>per</span> <span class='ocrx_word' id='word_1_212' title='bbox 1160 4433 1244 4515; x_wconf 83' lang='lat' dir='ltr'>Apo·</span> 
     </span>
     <span class='ocr_line' id='line_1_31' title="bbox 119 4537 1244 4629; baseline -0.004 -19"><span class='ocrx_word' id='word_1_213' title='bbox 119 4540 239 4611; x_wconf 87' lang='lat' dir='ltr'>stoliee</span> <span class='ocrx_word' id='word_1_214' title='bbox 255 4537 352 4606; x_wconf 88' lang='lat' dir='ltr'>Sedis</span> <span class='ocrx_word' id='word_1_215' title='bbox 368 4541 607 4624; x_wconf 82' lang='lat' dir='ltr'>providentium</span> <span class='ocrx_word' id='word_1_216' title='bbox 633 4553 827 4626; x_wconf 88' lang='lat' dir='ltr'>oportunum</span> <span class='ocrx_word' id='word_1_217' title='bbox 844 4562 942 4629; x_wconf 83' lang='lat' dir='ltr'>super</span> <span class='ocrx_word' id='word_1_218' title='bbox 959 4543 1024 4611; x_wconf 89' lang='lat' dir='ltr'>hiis</span> <span class='ocrx_word' id='word_1_219' title='bbox 1040 4539 1180 4608; x_wconf 92' lang='lat' dir='ltr'>Domino</span> <span class='ocrx_word' id='word_1_220' title='bbox 1196 4539 1244 4606; x_wconf 84' lang='lat' dir='ltr'>fe·</span> 
     </span>
     <span class='ocr_line' id='line_1_32' title="bbox 118 4646 1243 4734; baseline -0.007 -16"><span class='ocrx_word' id='word_1_221' title='bbox 118 4655 220 4718; x_wconf 87' lang='lat' dir='ltr'>rente</span> <span class='ocrx_word' id='word_1_222' title='bbox 246 4646 423 4715; x_wconf 88' lang='lat' dir='ltr'>remedium</span> <span class='ocrx_word' id='word_1_223' title='bbox 449 4648 600 4718; x_wconf 82' lang='lat' dir='ltr'>adhiberi</span> <span class='ocrx_word' id='word_1_224' title='bbox 613 4698 622 4734; x_wconf 86' lang='lat'><strong><em>,</em></strong></span> <span class='ocrx_word' id='word_1_225' title='bbox 645 4650 866 4719; x_wconf 80' lang='lat' dir='ltr'>venerabilem</span> <span class='ocrx_word' id='word_1_226' title='bbox 894 4653 1023 4719; x_wconf 85' lang='lat' dir='ltr'>tratrem</span> <span class='ocrx_word' id='word_1_227' title='bbox 1051 4656 1191 4720; x_wconf 88' lang='lat' dir='ltr'>nostrum</span> <span class='ocrx_word' id='word_1_228' title='bbox 1206 4651 1243 4716; x_wconf 91' lang='lat' dir='ltr'>B.</span> 
     </span>
    </p>
   </div>
   <div class='ocr_carea' id='block_1_8' title="bbox 0 0 1582 5166">
    <p class='ocr_par' dir='ltr' id='par_1_8' title="bbox 0 0 1582 5166">
     <span class='ocr_line' id='line_1_33' title="bbox 0 0 1582 5166; baseline 0 2"><span class='ocrx_word' id='word_1_229' title='bbox 0 0 1582 5166; x_wconf 95' lang='lat' dir='ltr'> </span> 
     </span>
    </p>
   </div>
  </div>
 </body>
</html>
