3116 5166
602 334 762 434 „fl-

119 553 158 599 ue
183 551 254 622 oum
280 531 422 600 Prelatir
448 533 570 604 eisdem
598 533 631 600 in
646 532 848 617 predicando
866 553 1071 617 concurrere,
1087 535 1139 600 vel
1156 535 1244 619 ipso·

119 661 186 708 rum
213 640 471 727 predicationem
500 642 631 707 turbare
656 661 714 709 scu
734 641 894 726 impedire
912 635 1156 725 quomodolibet
1171 663 1243 727 pre·

119 752 267 831 sumatis,
283 769 355 816 cum
372 748 587 840 dictislctiam
604 749 763 814 Ministris
780 755 813 815 et
832 751 987 815 frutribus
1004 751 1126 836 prefati
1151 749 1244 818 Ordi-

119 859 169 923 nis
185 859 347 924 Minorum
362 859 412 925 sic
428 857 503 924 loca
525 857 759 942 predicationis
775 864 809 925 et
824 864 974 942 tempora
990 858 1184 940 dividendo,
1209 866 1245 926 ut

119 983 175 1032 vos
191 971 303 1034 mutuo
319 984 384 1032 nou
400 965 549 1048 turbetis,
567 984 627 1032 nec
645 963 834 1047 impediatis
851 964 1061 1049 aliquatenus
1085 986 1145 1051 per
1170 987 1243 1035 cou-

119 1091 259 1152 cnrsum‚
275 1073 336 1140 sed
352 1071 447 1140 vobis
462 1073 602 1140 invicem
618 1073 756 1140 alternis
773 1073 902 1139 vicibus
929 1075 962 1140 in
980 1075 1067 1142 omni
1082 1074 1245 1160 patientia

119 1188 150 1250 et
175 1182 286 1265 quiete
312 1181 449 1248 cedatis.
476 1178 519 1244 Et
545 1178 574 1244 si
590 1179 703 1246 forsan
720 1181 753 1246 in
770 1180 935 1264 aliquibus
957 1182 1040 1249 locis
1057 1184 1244 1252 Conventus

119 1311 175 1359 vos
192 1291 317 1358 bebere
333 1291 522 1373 contingat,
549 1289 583 1354 iu
610 1289 726 1370 quibus
745 1297 939 1358 conventum
958 1291 1126 1376 predictus
1141 1293 1243 1358 Mino·

118 1421 186 1467 rum
213 1399 303 1466 Ordo
327 1417 394 1474 nou
420 1397 562 1488 habeat,
590 1396 713 1464 eisdem
741 1397 898 1463 Ministris
915 1405 947 1464 ot
964 1399 1122 1466 fratribus
1139 1399 1244 1485 ipsius

119 1507 253 1576 Ordinis
268 1507 430 1574 Minornm
446 1505 490 1571 ad
506 1503 623 1572 eadem
643 1506 713 1574 loco
736 1506 1041 1592 supervenientibus
1051 1557 1060 1591 ,
1076 1509 1111 1573 in
1128 1527 1245 1576 execu-

119 1615 205 1682 tione
229 1615 370 1700 predicti
387 1613 506 1698 officii,
533 1619 567 1679 tu
590 1621 627 1680 ct
652 1615 771 1681 fratres
797 1615 904 1698 iidem,
922 1615 1042 1700 prefati
1057 1618 1106 1684 tui
1121 1616 1245 1684 ordinis

117 1724 286 1791 deferatis.
304 1723 378 1791 Non
395 1723 551 1790 obstante
566 1723 680 1806 aliqua
696 1724 904 1808 indulgentia
921 1723 1078 1792 fratribus
1096 1724 1242 1792 eiusdem

117 1833 163 1898 tui
179 1832 305 1899 ordinis
321 1852 343 1898 a
359 1831 449 1898 dicta
465 1831 545 1900 sede
561 1833 621 1898 sub
634 1851 839 1915 quocumque
854 1832 1029 1901 verborum
1045 1834 1151 1900 formu
1168 1853 1244 1900 con-

119 1960 226 2024 cessa,
243 1939 332 2024 quod
348 1940 546 2026 Apostolica
562 1942 720 2020 maqdcta
736 1941 905 2026 suscipere
922 1941 975 2008 vel
991 1942 1108 2024 exequi
1125 1942 1245 2026 perlit-

116 2054 205 2115 tcras
230 2046 461 2132 Apostolicus‚
488 2049 522 2113 in
548 2047 667 2131 quibus
695 2047 738 2114 dc
764 2049 891 2115 indulto
919 2047 1105 2114 huiusmodi
1125 2047 1244 2115 mentio

116 2177 182 2222 uon
197 2155 348 2238 habetur,
364 2157 497 2222 minime
513 2161 708 2240 tencantur3
727 2161 759 2222 et
777 2155 976 2238 quibuslibet
987 2154 1064 2221 eliis
1075 2155 1244 2238 indulgen-

114 2264 180 2347 tiis,
197 2264 380 2348 privilegiis
396 2283 457 2330 scu
473 2263 591 2331 litteris
618 2265 660 2354 ab
678 2263 793 2330 eadem
811 2264 890 2330 sede
907 2261 1049 2331 obtentis
1059 2313 1068 2348 ‚
1099 2284 1158 2348 per
1183 2283 1245 2347 quc

113 2374 266 2457 predicta
281 2371 433 2459 impediri
447 2373 502 2440 vel
519 2372 644 2440 differri
661 2377 806 2459 possint,
826 2379 857 2440 et
874 2369 1049 2455 dequibus
1066 2371 1244 2457 specialem

110 2489 265 2566 oporteat
282 2483 313 2546 in
330 2481 535 2566 presentibus
557 2481 628 2548 fieri
644 2480 851 2547 mentionem.
871 2479 990 2545 Datum
1008 2478 1157 2564 Lugduni
1174 2477 1243 2546 Idi-

112 2591 173 2658 bus
190 2589 400 2657 Novembris.
418 2587 632 2656 Pontificalus
649 2591 753 2656 nostri
772 2607 859 2655 enno
877 2587 983 2654 tertio.

219 2698 260 2764 In
278 2719 307 2765 c.
324 2719 365 2763 m.
383 2697 533 2764 Ministro
549 2697 687 2762 fratrum
705 2696 864 2762 Minorum
881 2694 986 2780 Regni
1003 2692 1160 2778 Ungcrie.

182 2893 234 2960 (X.
248 2890 377 2964 Gergely
392 2891 470 2965 pdpa
483 2891 684 2963 Regcstrlibdl,
704 2889 830 2948 'I'hciner
840 2892 877 2947 id.
892 2909 928 2945 m.
941 2889 963 2946 1.
977 2889 1038 2946 kot.
1051 2889 1114 2945 320.
1126 2886 1159 2960 l.)
